<?xml version="1.0" encoding="UTF-8"?>
<!DOCTYPE html PUBLIC "-//W3C//DTD XHTML 1.0 Transitional//EN"
    "http://www.w3.org/TR/xhtml1/DTD/xhtml1-transitional.dtd">
<html xmlns="http://www.w3.org/1999/xhtml" xml:lang="en" lang="en">
 <head>
  <title>
</title>
<meta http-equiv="Content-Type" content="text/html;charset=utf-8" />
  <meta name='ocr-system' content='tesseract 3.04.00' />
  <meta name='ocr-capabilities' content='ocr_page ocr_carea ocr_par ocr_line ocrx_word'/>
</head>
<body>
  <div class='ocr_page' id='page_1' title='image "./florentiiwigorn01florgoog_0256.png"; bbox 0 0 3074 4508; ppageno 0'>
   <div class='ocr_carea' id='block_1_1' title="bbox 444 345 1161 409">
    <p class='ocr_par' dir='ltr' id='par_1_1' title="bbox 444 345 1161 409">
     <span class='ocr_line' id='line_1_1' title="bbox 444 345 1161 409; baseline 0.004 -3"><span class='ocrx_word' id='word_1_1' title='bbox 444 358 634 406; x_wconf 82' lang='lat' dir='ltr'>nnonnnrn</span> <span class='ocrx_word' id='word_1_2' title='bbox 661 358 938 407; x_wconf 81' lang='lat' dir='ltr'>wroonnrnnsrs.</span> <span class='ocrx_word' id='word_1_3' title='bbox 1099 345 1161 409; x_wconf 75' lang='lat'>231</span> 
     </span>
    </p>
   </div>
   <div class='ocr_carea' id='block_1_2' title="bbox 217 514 1316 891">
    <p class='ocr_par' dir='ltr' id='par_1_2' title="bbox 217 514 1316 891">
     <span class='ocr_line' id='line_1_2' title="bbox 219 514 1161 596; baseline 0.006 -22"><span class='ocrx_word' id='word_1_4' title='bbox 219 523 427 596; x_wconf 84' lang='lat' dir='ltr'>sumpserat,</span> <span class='ocrx_word' id='word_1_5' title='bbox 454 534 580 578; x_wconf 87' lang='lat' dir='ltr'>corona</span> <span class='ocrx_word' id='word_1_6' title='bbox 608 515 704 596; x_wconf 78' lang='lat' dir='ltr'>regni</span> <span class='ocrx_word' id='word_1_7' title='bbox 730 514 856 577; x_wconf 88' lang='lat' dir='ltr'>Siciliae</span> <span class='ocrx_word' id='word_1_8' title='bbox 886 515 969 578; x_wconf 87' lang='lat' dir='ltr'>fecit</span> <span class='ocrx_word' id='word_1_9' title='bbox 995 518 1161 580; x_wconf 87' lang='lat' dir='ltr'>coronari.</span> 
     </span>
     <span class='ocr_line' id='line_1_3' title="bbox 220 610 1160 696; baseline 0.005 -24"><span class='ocrx_word' id='word_1_10' title='bbox 220 610 300 676; x_wconf 91' lang='lat' dir='ltr'>Hoc</span> <span class='ocrx_word' id='word_1_11' title='bbox 317 632 409 676; x_wconf 89' lang='lat' dir='ltr'>anno</span> <span class='ocrx_word' id='word_1_12' title='bbox 428 623 462 675; x_wconf 93' lang='lat' dir='ltr'>et</span> <span class='ocrx_word' id='word_1_13' title='bbox 475 613 606 676; x_wconf 90' lang='lat' dir='ltr'>duobus</span> <span class='ocrx_word' id='word_1_14' title='bbox 619 613 892 695; x_wconf 76' lang='lat' dir='ltr'>praecedentibus</span> <span class='ocrx_word' id='word_1_15' title='bbox 906 614 1039 696; x_wconf 79' lang='lat' dir='ltr'>fructus</span> <span class='ocrx_word' id='word_1_16' title='bbox 1054 616 1160 678; x_wconf 92' lang='lat' dir='ltr'>omni-</span> 
     </span>
     <span class='ocr_line' id='line_1_4' title="bbox 219 711 1160 793; baseline 0.006 -22"><span class='ocrx_word' id='word_1_17' title='bbox 219 729 276 772; x_wconf 91' lang='lat' dir='ltr'>um</span> <span class='ocrx_word' id='word_1_18' title='bbox 314 712 536 791; x_wconf 87' lang='lat' dir='ltr'>gardiuorum</span> <span class='ocrx_word' id='word_1_19' title='bbox 566 732 626 793; x_wconf 89' lang='lat' dir='ltr'>per</span> <span class='ocrx_word' id='word_1_20' title='bbox 657 711 822 792; x_wconf 85' lang='lat' dir='ltr'>Angliam</span> <span class='ocrx_word' id='word_1_21' title='bbox 854 712 926 775; x_wconf 84' lang='lat' dir='ltr'>sero</span> <span class='ocrx_word' id='word_1_22' title='bbox 954 712 1160 778; x_wconf 88' lang='lat' dir='ltr'>defecerunt.</span> 
     </span>
     <span class='ocr_line' id='line_1_5' title="bbox 217 807 1316 891; baseline 0.004 -19"><span class='ocrx_word' id='word_1_23' title='bbox 217 807 251 872; x_wconf 91' lang='lat' dir='ltr'>A</span> <span class='ocrx_word' id='word_1_24' title='bbox 285 808 376 874; x_wconf 91' lang='lat' dir='ltr'>clero</span> <span class='ocrx_word' id='word_1_25' title='bbox 407 811 593 891; x_wconf 89' lang='lat' dir='ltr'>provinciae</span> <span class='ocrx_word' id='word_1_26' title='bbox 623 809 882 874; x_wconf 86' lang='lat' dir='ltr'>Cantuariensis</span> <span class='ocrx_word' id='word_1_27' title='bbox 915 831 1077 875; x_wconf 88' lang='lat' dir='ltr'>concessa</span> <span class='ocrx_word' id='word_1_28' title='bbox 1109 819 1316 877; x_wconf 71' lang='lat' dir='ltr'>estornntot·</span> 
     </span>
    </p>
   </div>
   <div class='ocr_carea' id='block_1_3' title="bbox 217 879 1321 990">
    <p class='ocr_par' dir='ltr' id='par_1_3' title="bbox 217 879 1321 990">
     <span class='ocr_line' id='line_1_6' title="bbox 217 879 1321 990; baseline -0.058 33"><span class='ocrx_word' id='word_1_29' title='bbox 217 907 355 972; x_wconf 67' lang='lat' dir='ltr'>d⁰min⁰</span> <span class='ocrx_word' id='word_1_30' title='bbox 371 910 458 989; x_wconf 62' lang='lat' dir='ltr'>regi’</span> <span class='ocrx_word' id='word_1_31' title='bbox 474 908 509 971; x_wconf 69' lang='lat' dir='ltr'>in</span> <span class='ocrx_word' id='word_1_32' title='bbox 531 909 718 972; x_wconf 69' lang='lat' dir='ltr'>⁸¹¹b⁸idi¹¹¹¹¹</span> <span class='ocrx_word' id='word_1_33' title='bbox 740 929 870 990; x_wconf 70' lang='lat' dir='ltr'>guerrae</span> <span class='ocrx_word' id='word_1_34' title='bbox 893 929 978 986; x_wconf 88' lang='lat' dir='ltr'>suae,</span> <span class='ocrx_word' id='word_1_35' title='bbox 999 911 1160 974; x_wconf 84' lang='lat' dir='ltr'>vicesima</span> <span class='ocrx_word' id='word_1_36' title='bbox 1170 879 1287 976; x_wconf 52' lang='lat' dir='ltr'>{321²}ss</span> <span class='ocrx_word' id='word_1_37' title='bbox 1295 880 1321 967; x_wconf 60' lang='grc' dir='ltr'>’ἐξ</span> 
     </span>
    </p>
   </div>
   <div class='ocr_carea' id='block_1_4' title="bbox 209 976 1319 3444">
    <p class='ocr_par' dir='ltr' id='par_1_4' title="bbox 217 976 1319 1385">
     <span class='ocr_line' id='line_1_7' title="bbox 218 976 1319 1090; baseline 0 -23"><span class='ocrx_word' id='word_1_38' title='bbox 218 1007 370 1068; x_wconf 91' lang='lat' dir='ltr'>omnium</span> <span class='ocrx_word' id='word_1_39' title='bbox 394 1015 621 1088; x_wconf 83' lang='lat' dir='ltr'>proventuum</span> <span class='ocrx_word' id='word_1_40' title='bbox 650 1008 958 1072; x_wconf 89' lang='lat' dir='ltr'>ecclesiasticorum</span> <span class='ocrx_word' id='word_1_41' title='bbox 989 1028 1052 1090; x_wconf 89' lang='lat' dir='ltr'>per</span> <span class='ocrx_word' id='word_1_42' title='bbox 1075 976 1319 1072; x_wconf 54' lang='lat' dir='ltr'>duosiiffiriifm</span> 
     </span>
     <span class='ocr_line' id='line_1_8' title="bbox 217 1077 1232 1187; baseline 0.005 -23"><span class='ocrx_word' id='word_1_43' title='bbox 217 1122 338 1181; x_wconf 87' lang='lat' dir='ltr'>annos,</span> <span class='ocrx_word' id='word_1_44' title='bbox 364 1106 550 1169; x_wconf 89' lang='lat' dir='ltr'>secundum</span> <span class='ocrx_word' id='word_1_45' title='bbox 575 1109 789 1170; x_wconf 84' lang='lat' dir='ltr'>taxationem</span> <span class='ocrx_word' id='word_1_46' title='bbox 807 1106 968 1181; x_wconf 86' lang='lat' dir='ltr'>Walteri,</span> <span class='ocrx_word' id='word_1_47' title='bbox 991 1077 1232 1187; x_wconf 60' lang='lat' dir='ltr'>quondambm&#39;</span> 
     </span>
     <span class='ocr_line' id='line_1_9' title="bbox 220 1200 1160 1286; baseline 0.006 -23"><span class='ocrx_word' id='word_1_48' title='bbox 220 1200 455 1267; x_wconf 86' lang='lat' dir='ltr'>Norwicensis</span> <span class='ocrx_word' id='word_1_49' title='bbox 482 1206 641 1286; x_wconf 86' lang='lat' dir='ltr'>episcopi.</span> <span class='ocrx_word' id='word_1_50' title='bbox 693 1203 900 1279; x_wconf 91' lang='lat' dir='ltr'>Richardus,</span> <span class='ocrx_word' id='word_1_51' title='bbox 923 1205 1031 1267; x_wconf 88' lang='lat' dir='ltr'>abbas</span> <span class='ocrx_word' id='word_1_52' title='bbox 1045 1204 1160 1269; x_wconf 87' lang='lat' dir='ltr'>West·</span> 
     </span>
     <span class='ocr_line' id='line_1_10' title="bbox 217 1302 1161 1385; baseline 0.007 -23"><span class='ocrx_word' id='word_1_53' title='bbox 217 1304 509 1379; x_wconf 83' lang='lat' dir='ltr'>monasteriensis,</span> <span class='ocrx_word' id='word_1_54' title='bbox 525 1303 652 1366; x_wconf 91' lang='lat' dir='ltr'>domini</span> <span class='ocrx_word' id='word_1_55' title='bbox 674 1304 765 1383; x_wconf 82' lang='lat' dir='ltr'>regis</span> <span class='ocrx_word' id='word_1_56' title='bbox 784 1302 1033 1379; x_wconf 67' lang='lat' dir='ltr'>thesaurarius</span> <span class='ocrx_word' id='word_1_57' title='bbox 1050 1304 1161 1385; x_wconf 89' lang='lat' dir='ltr'>prima</span> 
     </span>
    </p>

    <p class='ocr_par' dir='ltr' id='par_1_5' title="bbox 217 1399 1159 1483">
     <span class='ocr_line' id='line_1_11' title="bbox 217 1399 1159 1483; baseline 0.007 -24"><span class='ocrx_word' id='word_1_58' title='bbox 217 1399 273 1460; x_wconf 90' lang='lat' dir='ltr'>die</span> <span class='ocrx_word' id='word_1_59' title='bbox 299 1403 426 1464; x_wconf 87' lang='lat' dir='ltr'>mensis</span> <span class='ocrx_word' id='word_1_60' title='bbox 451 1402 650 1466; x_wconf 83' lang='lat' dir='ltr'>Decembris</span> <span class='ocrx_word' id='word_1_61' title='bbox 679 1402 776 1477; x_wconf 88' lang='lat' dir='ltr'>obiit,</span> <span class='ocrx_word' id='word_1_62' title='bbox 798 1402 969 1483; x_wconf 88' lang='lat' dir='ltr'>tertiaque</span> <span class='ocrx_word' id='word_1_63' title='bbox 995 1403 1159 1483; x_wconf 88' lang='lat' dir='ltr'>posthoc</span> 
     </span>
    </p>

    <p class='ocr_par' dir='ltr' id='par_1_6' title="bbox 211 1497 1159 2267">
     <span class='ocr_line' id='line_1_12' title="bbox 216 1497 1159 1581; baseline 0.005 -23"><span class='ocrx_word' id='word_1_64' title='bbox 216 1497 271 1559; x_wconf 92' lang='lat' dir='ltr'>die</span> <span class='ocrx_word' id='word_1_65' title='bbox 294 1499 387 1579; x_wconf 90' lang='lat' dir='ltr'>apud</span> <span class='ocrx_word' id='word_1_66' title='bbox 406 1499 751 1563; x_wconf 77' lang='lat' dir='ltr'>westmonasterium</span> <span class='ocrx_word' id='word_1_67' title='bbox 777 1500 967 1581; x_wconf 85' lang='lat' dir='ltr'>sepulturae</span> <span class='ocrx_word' id='word_1_68' title='bbox 989 1518 1159 1563; x_wconf 89' lang='lat' dir='ltr'>commen-</span> 
     </span>
     <span class='ocr_line' id='line_1_13' title="bbox 216 1596 1158 1680; baseline 0.002 -22"><span class='ocrx_word' id='word_1_69' title='bbox 216 1596 338 1669; x_wconf 89' lang='lat' dir='ltr'>datur;</span> <span class='ocrx_word' id='word_1_70' title='bbox 368 1599 424 1660; x_wconf 90' lang='lat' dir='ltr'>cui</span> <span class='ocrx_word' id='word_1_71' title='bbox 439 1598 604 1660; x_wconf 88' lang='lat' dir='ltr'>successit</span> <span class='ocrx_word' id='word_1_72' title='bbox 617 1597 796 1660; x_wconf 90' lang='lat' dir='ltr'>Walterus</span> <span class='ocrx_word' id='word_1_73' title='bbox 810 1597 851 1658; x_wconf 91' lang='lat' dir='ltr'>de</span> <span class='ocrx_word' id='word_1_74' title='bbox 867 1596 1050 1672; x_wconf 91' lang='lat' dir='ltr'>Wenloch,</span> <span class='ocrx_word' id='word_1_75' title='bbox 1068 1597 1158 1680; x_wconf 88' lang='lat' dir='ltr'>ejus·</span> 
     </span>
     <span class='ocr_line' id='line_1_14' title="bbox 214 1694 1158 1760; baseline 0.003 -4"><span class='ocrx_word' id='word_1_76' title='bbox 214 1695 292 1756; x_wconf 91' lang='lat' dir='ltr'>dem</span> <span class='ocrx_word' id='word_1_77' title='bbox 307 1695 375 1758; x_wconf 92' lang='lat' dir='ltr'>loci</span> <span class='ocrx_word' id='word_1_78' title='bbox 390 1696 586 1760; x_wconf 87' lang='lat' dir='ltr'>monachus.</span> <span class='ocrx_word' id='word_1_79' title='bbox 614 1696 782 1759; x_wconf 88' lang='lat' dir='ltr'>Dominus</span> <span class='ocrx_word' id='word_1_80' title='bbox 799 1714 861 1757; x_wconf 87' lang='lat' dir='ltr'>rex</span> <span class='ocrx_word' id='word_1_81' title='bbox 873 1694 1004 1758; x_wconf 87' lang='lat' dir='ltr'>Natule</span> <span class='ocrx_word' id='word_1_82' title='bbox 1020 1695 1158 1759; x_wconf 89' lang='lat' dir='ltr'>Domini</span> 
     </span>
     <span class='ocr_line' id='line_1_15' title="bbox 215 1793 1158 1874; baseline 0.002 -19"><span class='ocrx_word' id='word_1_83' title='bbox 215 1795 306 1874; x_wconf 89' lang='lat' dir='ltr'>apud</span> <span class='ocrx_word' id='word_1_84' title='bbox 338 1793 513 1858; x_wconf 90' lang='lat' dir='ltr'>Rothelan</span> <span class='ocrx_word' id='word_1_85' title='bbox 539 1796 573 1857; x_wconf 91' lang='lat' dir='ltr'>in</span> <span class='ocrx_word' id='word_1_86' title='bbox 588 1793 718 1858; x_wconf 87' lang='lat' dir='ltr'>Wallia</span> <span class='ocrx_word' id='word_1_87' title='bbox 737 1794 934 1858; x_wconf 90' lang='lat' dir='ltr'>celebravit.</span> <span class='ocrx_word' id='word_1_88' title='bbox 987 1793 1158 1857; x_wconf 87' lang='lat' dir='ltr'>Soldanus</span> 
     </span>
     <span class='ocr_line' id='line_1_16' title="bbox 217 1891 1158 1974; baseline 0.003 -22"><span class='ocrx_word' id='word_1_89' title='bbox 217 1891 420 1972; x_wconf 75' lang='lat' dir='ltr'>Babyloniae</span> <span class='ocrx_word' id='word_1_90' title='bbox 450 1894 651 1974; x_wconf 83' lang='lat' dir='ltr'>defungitur.</span> <span class='ocrx_word' id='word_1_91' title='bbox 704 1893 891 1957; x_wconf 89' lang='lat' dir='ltr'>Londoniae</span> <span class='ocrx_word' id='word_1_92' title='bbox 921 1900 956 1955; x_wconf 91' lang='lat' dir='ltr'>et</span> <span class='ocrx_word' id='word_1_93' title='bbox 985 1911 1048 1972; x_wconf 90' lang='lat' dir='ltr'>per</span> <span class='ocrx_word' id='word_1_94' title='bbox 1075 1912 1158 1955; x_wconf 90' lang='lat' dir='ltr'>non-</span> 
     </span>
     <span class='ocr_line' id='line_1_17' title="bbox 214 1989 1157 2072; baseline 0.002 -22"><span class='ocrx_word' id='word_1_95' title='bbox 214 1989 311 2052; x_wconf 87' lang='lat' dir='ltr'>nulla</span> <span class='ocrx_word' id='word_1_96' title='bbox 340 1990 419 2053; x_wconf 83' lang='lat' dir='ltr'>loca</span> <span class='ocrx_word' id='word_1_97' title='bbox 454 1990 590 2072; x_wconf 82' lang='lat' dir='ltr'>Angliae</span> <span class='ocrx_word' id='word_1_98' title='bbox 625 1996 734 2053; x_wconf 90' lang='lat' dir='ltr'>tantae</span> <span class='ocrx_word' id='word_1_99' title='bbox 770 1991 866 2052; x_wconf 89' lang='lat' dir='ltr'>mirae</span> <span class='ocrx_word' id='word_1_100' title='bbox 903 1990 1157 2054; x_wconf 86' lang='lat' dir='ltr'>coruscationes</span> 
     </span>
     <span class='ocr_line' id='line_1_18' title="bbox 214 2087 1157 2169; baseline 0.002 -21"><span class='ocrx_word' id='word_1_101' title='bbox 214 2094 392 2168; x_wconf 90' lang='lat' dir='ltr'>tantaque,</span> <span class='ocrx_word' id='word_1_102' title='bbox 416 2087 471 2150; x_wconf 89' lang='lat' dir='ltr'>die</span> <span class='ocrx_word' id='word_1_103' title='bbox 489 2087 525 2151; x_wconf 86' lang='lat' dir='ltr'>S.</span> <span class='ocrx_word' id='word_1_104' title='bbox 541 2088 706 2169; x_wconf 91' lang='lat' dir='ltr'>Stephani</span> <span class='ocrx_word' id='word_1_105' title='bbox 722 2087 781 2167; x_wconf 76' lang='lat'>[26</span> <span class='ocrx_word' id='word_1_106' title='bbox 797 2087 915 2166; x_wconf 87' lang='lat' dir='ltr'>Dec.]‚</span> <span class='ocrx_word' id='word_1_107' title='bbox 935 2087 1056 2150; x_wconf 90' lang='lat' dir='ltr'>audita</span> <span class='ocrx_word' id='word_1_108' title='bbox 1076 2095 1157 2150; x_wconf 88' lang='lat' dir='ltr'>sunt</span> 
     </span>
     <span class='ocr_line' id='line_1_19' title="bbox 211 2184 1155 2267; baseline 0 -19"><span class='ocrx_word' id='word_1_109' title='bbox 211 2186 378 2261; x_wconf 87' lang='lat' dir='ltr'>tonitrua,</span> <span class='ocrx_word' id='word_1_110' title='bbox 388 2186 479 2267; x_wconf 91' lang='lat' dir='ltr'>quod</span> <span class='ocrx_word' id='word_1_111' title='bbox 496 2186 712 2250; x_wconf 77' lang='lat' dir='ltr'>audientibus</span> <span class='ocrx_word' id='word_1_112' title='bbox 729 2192 766 2249; x_wconf 88' lang='lat' dir='ltr'>et</span> <span class='ocrx_word' id='word_1_113' title='bbox 780 2184 975 2248; x_wconf 90' lang='lat' dir='ltr'>videntibus</span> <span class='ocrx_word' id='word_1_114' title='bbox 992 2192 1155 2249; x_wconf 89' lang='lat' dir='ltr'>terrorem</span> 
     </span>
    </p>

    <p class='ocr_par' dir='ltr' id='par_1_7' title="bbox 212 2284 1238 2641">
     <span class='ocr_line' id='line_1_20' title="bbox 214 2284 1155 2349; baseline 0 -2"><span class='ocrx_word' id='word_1_115' title='bbox 214 2291 248 2347; x_wconf 91' lang='lat' dir='ltr'>et</span> <span class='ocrx_word' id='word_1_116' title='bbox 274 2284 449 2349; x_wconf 91' lang='lat' dir='ltr'>horrorem</span> <span class='ocrx_word' id='word_1_117' title='bbox 474 2304 542 2348; x_wconf 91' lang='lat' dir='ltr'>non</span> <span class='ocrx_word' id='word_1_118' title='bbox 561 2285 731 2348; x_wconf 90' lang='lat' dir='ltr'>modicum</span> <span class='ocrx_word' id='word_1_119' title='bbox 753 2284 983 2348; x_wconf 88' lang='lat' dir='ltr'>incusserunt.</span> <span class='ocrx_word' id='word_1_120' title='bbox 1027 2285 1155 2347; x_wconf 70' lang='lat' dir='ltr'>&#39;AEstas</span> 
     </span>
     <span class='ocr_line' id='line_1_21' title="bbox 213 2382 1154 2463; baseline 0.002 -19"><span class='ocrx_word' id='word_1_121' title='bbox 213 2389 302 2459; x_wconf 89' lang='lat' dir='ltr'>tota,</span> <span class='ocrx_word' id='word_1_122' title='bbox 332 2401 411 2446; x_wconf 91' lang='lat' dir='ltr'>cum</span> <span class='ocrx_word' id='word_1_123' title='bbox 449 2384 600 2446; x_wconf 87' lang='lat' dir='ltr'>maxima</span> <span class='ocrx_word' id='word_1_124' title='bbox 640 2383 798 2446; x_wconf 85' lang='lat' dir='ltr'>autumni</span> <span class='ocrx_word' id='word_1_125' title='bbox 830 2382 1007 2463; x_wconf 85' lang='lat' dir='ltr'>sequentis</span> <span class='ocrx_word' id='word_1_126' title='bbox 1043 2389 1154 2463; x_wconf 87' lang='lat' dir='ltr'>parte,</span> 
     </span>
     <span class='ocr_line' id='line_1_22' title="bbox 212 2479 1238 2562; baseline 0 -20"><span class='ocrx_word' id='word_1_127' title='bbox 212 2480 436 2543; x_wconf 85' lang='lat' dir='ltr'>vehementer</span> <span class='ocrx_word' id='word_1_128' title='bbox 453 2482 612 2544; x_wconf 89' lang='lat' dir='ltr'>continue</span> <span class='ocrx_word' id='word_1_129' title='bbox 629 2481 790 2562; x_wconf 86' lang='lat' dir='ltr'>pluviosa</span> <span class='ocrx_word' id='word_1_130' title='bbox 813 2498 948 2543; x_wconf 91' lang='lat' dir='ltr'>omnem</span> <span class='ocrx_word' id='word_1_131' title='bbox 972 2479 1042 2542; x_wconf 84' lang='lat' dir='ltr'>sero</span> <span class='ocrx_word' id='word_1_132' title='bbox 1058 2499 1154 2561; x_wconf 88' lang='lat' dir='ltr'>spem</span> <span class='ocrx_word' id='word_1_133' title='bbox 1236 2521 1238 2526; x_wconf 91' lang='lat'><em>-</em></span> 
     </span>
     <span class='ocr_line' id='line_1_23' title="bbox 212 2576 851 2641; baseline 0 -2"><span class='ocrx_word' id='word_1_134' title='bbox 212 2585 368 2641; x_wconf 89' lang='lat' dir='ltr'>satorum</span> <span class='ocrx_word' id='word_1_135' title='bbox 384 2578 421 2640; x_wconf 90' lang='lat' dir='ltr'>in</span> <span class='ocrx_word' id='word_1_136' title='bbox 437 2577 536 2641; x_wconf 85' lang='lat' dir='ltr'>viridi</span> <span class='ocrx_word' id='word_1_137' title='bbox 553 2579 678 2641; x_wconf 86' lang='lat' dir='ltr'>delusit</span> <span class='ocrx_word' id='word_1_138' title='bbox 692 2578 727 2640; x_wconf 91' lang='lat' dir='ltr'>in</span> <span class='ocrx_word' id='word_1_139' title='bbox 742 2576 851 2640; x_wconf 90' lang='lat' dir='ltr'>arido.</span> 
     </span>
    </p>

    <p class='ocr_par' dir='ltr' id='par_1_8' title="bbox 209 2673 1319 3444">
     <span class='ocr_line' id='line_1_24' title="bbox 264 2673 1305 2755; baseline -0.001 -18"><span class='ocrx_word' id='word_1_140' title='bbox 264 2674 390 2740; x_wconf 87' lang='lat' dir='ltr'>Frater</span> <span class='ocrx_word' id='word_1_141' title='bbox 417 2676 441 2739; x_wconf 86' lang='lat' dir='ltr'><strong>J</strong></span> <span class='ocrx_word' id='word_1_142' title='bbox 443 2676 593 2739; x_wconf 88' lang='lat' dir='ltr'>ohannes</span> <span class='ocrx_word' id='word_1_143' title='bbox 618 2677 661 2738; x_wconf 90' lang='lat' dir='ltr'>de</span> <span class='ocrx_word' id='word_1_144' title='bbox 691 2675 930 2755; x_wconf 81' lang='lat' dir='ltr'>Derelington,</span> <span class='ocrx_word' id='word_1_145' title='bbox 965 2673 1009 2737; x_wconf 92' lang='lat' dir='ltr'>de</span> <span class='ocrx_word' id='word_1_146' title='bbox 1037 2673 1154 2737; x_wconf 90' lang='lat' dir='ltr'>ordine</span> <span class='ocrx_word' id='word_1_147' title='bbox 1174 2693 1305 2736; x_wconf 63' lang='lat' dir='ltr'>nonin.</span> 
     </span>
     <span class='ocr_line' id='line_1_25' title="bbox 212 2761 1319 2859; baseline -0.002 -24"><span class='ocrx_word' id='word_1_148' title='bbox 212 2773 358 2837; x_wconf 83' lang='lat' dir='ltr'>fratrum</span> <span class='ocrx_word' id='word_1_149' title='bbox 387 2773 660 2856; x_wconf 87' lang='lat' dir='ltr'>praedicatorum,</span> <span class='ocrx_word' id='word_1_150' title='bbox 693 2773 974 2854; x_wconf 86' lang='lat' dir='ltr'>archiepiscopus</span> <span class='ocrx_word' id='word_1_151' title='bbox 1006 2771 1152 2835; x_wconf 89' lang='lat' dir='ltr'>Dublin-</span> <span class='ocrx_word' id='word_1_152' title='bbox 1165 2761 1319 2859; x_wconf 55' lang='lat' dir='ltr'>fflffl</span> 
     </span>
     <span class='ocr_line' id='line_1_26' title="bbox 211 2868 1151 2953; baseline 0 -19"><span class='ocrx_word' id='word_1_153' title='bbox 211 2872 315 2948; x_wconf 92' lang='lat' dir='ltr'>ensis,</span> <span class='ocrx_word' id='word_1_154' title='bbox 341 2892 412 2936; x_wconf 92' lang='lat' dir='ltr'>non</span> <span class='ocrx_word' id='word_1_155' title='bbox 436 2873 555 2953; x_wconf 90' lang='lat' dir='ltr'>procul</span> <span class='ocrx_word' id='word_1_156' title='bbox 578 2892 600 2935; x_wconf 88' lang='lat' dir='ltr'>a</span> <span class='ocrx_word' id='word_1_157' title='bbox 626 2872 767 2936; x_wconf 88' lang='lat' dir='ltr'>civitate</span> <span class='ocrx_word' id='word_1_158' title='bbox 792 2870 993 2946; x_wconf 88' lang='lat' dir='ltr'>Londoniae,</span> <span class='ocrx_word' id='word_1_159' title='bbox 1023 2887 1056 2934; x_wconf 88' lang='lat' dir='ltr'>v.</span> <span class='ocrx_word' id='word_1_160' title='bbox 1081 2868 1151 2934; x_wconf 86' lang='lat' dir='ltr'>kal.</span> 
     </span>
     <span class='ocr_line' id='line_1_27' title="bbox 211 2968 1152 3055; baseline -0.002 -23"><span class='ocrx_word' id='word_1_161' title='bbox 211 2968 343 3050; x_wconf 84' lang='lat' dir='ltr'>Aprilis</span> <span class='ocrx_word' id='word_1_162' title='bbox 374 2968 433 3054; x_wconf 80' lang='lat'>[28</span> <span class='ocrx_word' id='word_1_163' title='bbox 456 2968 561 3055; x_wconf 75' lang='lat' dir='ltr'>Man]</span> <span class='ocrx_word' id='word_1_164' title='bbox 587 2971 624 3033; x_wconf 94' lang='lat' dir='ltr'>in</span> <span class='ocrx_word' id='word_1_165' title='bbox 646 2970 720 3033; x_wconf 84' lang='lat' dir='ltr'>sata</span> <span class='ocrx_word' id='word_1_166' title='bbox 745 2969 903 3045; x_wconf 88' lang='lat' dir='ltr'>decessit,</span> <span class='ocrx_word' id='word_1_167' title='bbox 929 2968 1152 3049; x_wconf 88' lang='lat' dir='ltr'>sepultusque</span> 
     </span>
     <span class='ocr_line' id='line_1_28' title="bbox 210 3065 1152 3148; baseline -0.001 -19"><span class='ocrx_word' id='word_1_168' title='bbox 210 3075 264 3131; x_wconf 92' lang='lat' dir='ltr'>est</span> <span class='ocrx_word' id='word_1_169' title='bbox 292 3069 328 3130; x_wconf 91' lang='lat' dir='ltr'>in</span> <span class='ocrx_word' id='word_1_170' title='bbox 355 3087 448 3132; x_wconf 87' lang='lat' dir='ltr'>nova</span> <span class='ocrx_word' id='word_1_171' title='bbox 477 3068 622 3132; x_wconf 88' lang='lat' dir='ltr'>ecclesia</span> <span class='ocrx_word' id='word_1_172' title='bbox 648 3069 794 3131; x_wconf 82' lang='lat' dir='ltr'>fratrum</span> <span class='ocrx_word' id='word_1_173' title='bbox 821 3066 1087 3148; x_wconf 73' lang='lat' dir='ltr'>praedicatorum</span> <span class='ocrx_word' id='word_1_174' title='bbox 1115 3065 1152 3128; x_wconf 93' lang='lat' dir='ltr'>in</span> 
     </span>
     <span class='ocr_line' id='line_1_29' title="bbox 210 3164 1152 3239; baseline -0.003 -10"><span class='ocrx_word' id='word_1_175' title='bbox 210 3166 354 3229; x_wconf 85' lang='lat' dir='ltr'>castello</span> <span class='ocrx_word' id='word_1_176' title='bbox 372 3167 536 3229; x_wconf 85' lang='lat' dir='ltr'>Bainardi</span> <span class='ocrx_word' id='word_1_177' title='bbox 548 3167 765 3230; x_wconf 90' lang='lat' dir='ltr'>Londonens.</span> <span class='ocrx_word' id='word_1_178' title='bbox 805 3165 872 3228; x_wconf 89' lang='lat' dir='ltr'>Die</span> <span class='ocrx_word' id='word_1_179' title='bbox 886 3164 1046 3239; x_wconf 84' lang='lat' dir='ltr'>Paschae,</span> <span class='ocrx_word' id='word_1_180' title='bbox 1059 3164 1152 3227; x_wconf 83' lang='lat' dir='ltr'>vide-</span> 
     </span>
     <span class='ocr_line' id='line_1_30' title="bbox 210 3261 1151 3349; baseline -0.002 -24"><span class='ocrx_word' id='word_1_181' title='bbox 210 3264 292 3327; x_wconf 92' lang='lat' dir='ltr'>licet</span> <span class='ocrx_word' id='word_1_182' title='bbox 308 3282 341 3326; x_wconf 84' lang='lat' dir='ltr'>V.</span> <span class='ocrx_word' id='word_1_183' title='bbox 359 3264 405 3327; x_wconf 90' lang='lat' dir='ltr'>id.</span> <span class='ocrx_word' id='word_1_184' title='bbox 417 3263 547 3346; x_wconf 86' lang='lat' dir='ltr'>Aprilis</span> <span class='ocrx_word' id='word_1_185' title='bbox 564 3262 601 3348; x_wconf 90' lang='grc'>[9</span> <span class='ocrx_word' id='word_1_186' title='bbox 612 3263 730 3349; x_wconf 90' lang='lat' dir='ltr'>Apr.]‚</span> <span class='ocrx_word' id='word_1_187' title='bbox 744 3262 836 3344; x_wconf 89' lang='lat' dir='ltr'>apud</span> <span class='ocrx_word' id='word_1_188' title='bbox 850 3262 885 3327; x_wconf 87' lang='lat' dir='ltr'>S.</span> <span class='ocrx_word' id='word_1_189' title='bbox 900 3261 1151 3337; x_wconf 87' lang='lat' dir='ltr'>Eadmundum,</span> 
     </span>
     <span class='ocr_line' id='line_1_31' title="bbox 209 3361 1151 3444; baseline -0.003 -20"><span class='ocrx_word' id='word_1_190' title='bbox 209 3363 301 3425; x_wconf 84' lang='lat' dir='ltr'>circa</span> <span class='ocrx_word' id='word_1_191' title='bbox 327 3363 449 3426; x_wconf 89' lang='lat' dir='ltr'>horam</span> <span class='ocrx_word' id='word_1_192' title='bbox 477 3363 544 3424; x_wconf 90' lang='lat' dir='ltr'>diei</span> <span class='ocrx_word' id='word_1_193' title='bbox 571 3363 726 3444; x_wconf 87' lang='lat' dir='ltr'>primam,</span> <span class='ocrx_word' id='word_1_194' title='bbox 758 3368 831 3423; x_wconf 85' lang='lat' dir='ltr'>tam</span> <span class='ocrx_word' id='word_1_195' title='bbox 867 3361 983 3422; x_wconf 85' lang='lat' dir='ltr'>subita</span> <span class='ocrx_word' id='word_1_196' title='bbox 1014 3366 1151 3440; x_wconf 88' lang='lat' dir='ltr'>tamque</span> 
     </span>
    </p>
   </div>
   <div class='ocr_carea' id='block_1_5' title="bbox 209 3459 1152 3541">
    <p class='ocr_par' dir='ltr' id='par_1_9' title="bbox 209 3459 1152 3541">
     <span class='ocr_line' id='line_1_32' title="bbox 209 3459 1152 3541; baseline -0.002 -20"><span class='ocrx_word' id='word_1_197' title='bbox 209 3461 390 3541; x_wconf 75' lang='lat' dir='ltr'>repentIna</span> <span class='ocrx_word' id='word_1_198' title='bbox 414 3459 592 3523; x_wconf 82' lang='lat' dir='ltr'>fulminum</span> <span class='ocrx_word' id='word_1_199' title='bbox 612 3459 816 3535; x_wconf 88' lang='lat' dir='ltr'>coruscatio,</span> <span class='ocrx_word' id='word_1_200' title='bbox 842 3465 914 3520; x_wconf 90' lang='lat' dir='ltr'>tam</span> <span class='ocrx_word' id='word_1_201' title='bbox 940 3459 1044 3520; x_wconf 87' lang='lat' dir='ltr'>etiam</span> <span class='ocrx_word' id='word_1_202' title='bbox 1072 3476 1152 3519; x_wconf 89' lang='lat' dir='ltr'>con-</span> 
     </span>
    </p>
   </div>
   <div class='ocr_carea' id='block_1_6' title="bbox 208 3556 1154 4132">
    <p class='ocr_par' dir='ltr' id='par_1_10' title="bbox 208 3556 1154 4132">
     <span class='ocr_line' id='line_1_33' title="bbox 210 3556 1152 3640; baseline -0.003 -21"><span class='ocrx_word' id='word_1_203' title='bbox 210 3559 377 3635; x_wconf 89' lang='lat' dir='ltr'>tinuatus,</span> <span class='ocrx_word' id='word_1_204' title='bbox 411 3578 488 3622; x_wconf 90' lang='lat' dir='ltr'>cum</span> <span class='ocrx_word' id='word_1_205' title='bbox 517 3559 651 3640; x_wconf 84' lang='lat' dir='ltr'>fulgore</span> <span class='ocrx_word' id='word_1_206' title='bbox 676 3557 831 3633; x_wconf 86' lang='lat' dir='ltr'>tonitrui,</span> <span class='ocrx_word' id='word_1_207' title='bbox 867 3556 985 3637; x_wconf 83' lang='lat' dir='ltr'>fragor</span> <span class='ocrx_word' id='word_1_208' title='bbox 1008 3556 1152 3634; x_wconf 84' lang='lat' dir='ltr'>contigit</span> 
     </span>
     <span class='ocr_line' id='line_1_34' title="bbox 209 3652 1152 3737; baseline -0.002 -20"><span class='ocrx_word' id='word_1_209' title='bbox 209 3656 468 3732; x_wconf 90' lang='lat' dir='ltr'>immoderatus,</span> <span class='ocrx_word' id='word_1_210' title='bbox 498 3656 588 3736; x_wconf 90' lang='lat' dir='ltr'>quod</span> <span class='ocrx_word' id='word_1_211' title='bbox 612 3656 672 3720; x_wconf 86' lang='lat' dir='ltr'>vix</span> <span class='ocrx_word' id='word_1_212' title='bbox 700 3656 759 3737; x_wconf 92' lang='lat' dir='ltr'>qui</span> <span class='ocrx_word' id='word_1_213' title='bbox 794 3655 978 3717; x_wconf 87' lang='lat' dir='ltr'>audierunt</span> <span class='ocrx_word' id='word_1_214' title='bbox 1010 3652 1152 3735; x_wconf 90' lang='lat' dir='ltr'>pedibus</span> 
     </span>
     <span class='ocr_line' id='line_1_35' title="bbox 209 3750 1151 3836; baseline -0.005 -20"><span class='ocrx_word' id='word_1_215' title='bbox 209 3762 301 3817; x_wconf 90' lang='lat' dir='ltr'>stare</span> <span class='ocrx_word' id='word_1_216' title='bbox 326 3762 526 3836; x_wconf 88' lang='lat' dir='ltr'>potuerunt.</span> <span class='ocrx_word' id='word_1_217' title='bbox 589 3756 635 3817; x_wconf 93' lang='lat' dir='ltr'>Et</span> <span class='ocrx_word' id='word_1_218' title='bbox 664 3774 743 3817; x_wconf 90' lang='lat' dir='ltr'>cum</span> <span class='ocrx_word' id='word_1_219' title='bbox 777 3760 875 3815; x_wconf 89' lang='lat' dir='ltr'>tanta</span> <span class='ocrx_word' id='word_1_220' title='bbox 914 3760 995 3813; x_wconf 91' lang='lat' dir='ltr'>tunc</span> <span class='ocrx_word' id='word_1_221' title='bbox 1027 3750 1151 3811; x_wconf 92' lang='lat' dir='ltr'>ibidem</span> 
     </span>
     <span class='ocr_line' id='line_1_36' title="bbox 209 3848 1154 3933; baseline -0.008 -17"><span class='ocrx_word' id='word_1_222' title='bbox 209 3854 412 3933; x_wconf 83' lang='lat' dir='ltr'>contigisset</span> <span class='ocrx_word' id='word_1_223' title='bbox 432 3853 644 3932; x_wconf 90' lang='lat' dir='ltr'>tempestatis</span> <span class='ocrx_word' id='word_1_224' title='bbox 661 3849 885 3923; x_wconf 87' lang='lat' dir='ltr'>vehementia,</span> <span class='ocrx_word' id='word_1_225' title='bbox 901 3848 1063 3911; x_wconf 91' lang='lat' dir='ltr'>damnum</span> <span class='ocrx_word' id='word_1_226' title='bbox 1078 3848 1154 3909; x_wconf 92' lang='lat' dir='ltr'>nnl-</span> 
     </span>
     <span class='ocr_line' id='line_1_37' title="bbox 209 3944 1152 4032; baseline -0.006 -19"><span class='ocrx_word' id='word_1_227' title='bbox 209 3953 279 4013; x_wconf 92' lang='lat' dir='ltr'>lum</span> <span class='ocrx_word' id='word_1_228' title='bbox 297 3971 359 4032; x_wconf 91' lang='lat' dir='ltr'>per</span> <span class='ocrx_word' id='word_1_229' title='bbox 375 3951 523 4032; x_wconf 87' lang='lat' dir='ltr'>patriam</span> <span class='ocrx_word' id='word_1_230' title='bbox 542 3951 632 4024; x_wconf 89' lang='lat' dir='ltr'>fecit,</span> <span class='ocrx_word' id='word_1_231' title='bbox 645 3958 706 4012; x_wconf 88' lang='lat' dir='ltr'>aut</span> <span class='ocrx_word' id='word_1_232' title='bbox 719 3948 962 4031; x_wconf 89' lang='lat' dir='ltr'>permodicum.</span> <span class='ocrx_word' id='word_1_233' title='bbox 1000 3944 1152 4008; x_wconf 87' lang='lat' dir='ltr'>Eandem</span> 
     </span>
     <span class='ocr_line' id='line_1_38' title="bbox 208 4045 1153 4132; baseline -0.006 -20"><span class='ocrx_word' id='word_1_234' title='bbox 208 4057 462 4132; x_wconf 87' lang='lat' dir='ltr'>tempestatem,</span> <span class='ocrx_word' id='word_1_235' title='bbox 494 4049 621 4112; x_wconf 90' lang='lat' dir='ltr'>eisdem</span> <span class='ocrx_word' id='word_1_236' title='bbox 653 4049 708 4112; x_wconf 92' lang='lat' dir='ltr'>die</span> <span class='ocrx_word' id='word_1_237' title='bbox 740 4055 774 4111; x_wconf 89' lang='lat' dir='ltr'>et</span> <span class='ocrx_word' id='word_1_238' title='bbox 807 4046 902 4121; x_wconf 87' lang='lat' dir='ltr'>hora,</span> <span class='ocrx_word' id='word_1_239' title='bbox 933 4046 969 4108; x_wconf 90' lang='lat' dir='ltr'>in</span> <span class='ocrx_word' id='word_1_240' title='bbox 997 4045 1153 4127; x_wconf 87' lang='lat' dir='ltr'>partibus</span> 
     </span>
    </p>
   </div>
   <div class='ocr_carea' id='block_1_7' title="bbox 0 0 1542 4508">
    <p class='ocr_par' dir='ltr' id='par_1_11' title="bbox 0 0 1542 4508">
     <span class='ocr_line' id='line_1_39' title="bbox 0 0 1542 4508; baseline 0 4"><span class='ocrx_word' id='word_1_241' title='bbox 0 0 1542 4508; x_wconf 95' lang='lat' dir='ltr'> </span> 
     </span>
    </p>
   </div>
  </div>
 </body>
</html>
