3074 4508
374 332 442 395 236
625 348 873 399 courtuunrro
897 350 1072 398 crinorum

376 506 598 572 Fredcricum
640 508 843 583 nominavit,
880 527 984 588 super
1020 506 1142 569 haeresi
1179 503 1332 586 aliisque

373 608 574 669 criminibus
597 609 789 682 convictus,
809 607 1035 688 praesentibus
1058 602 1325 683 archiepiscopis

373 711 409 766 et
434 705 606 784 episcopis
627 705 829 769 Teutonicis
855 703 1070 786 quibusdam,
1097 718 1138 765 11.
1166 700 1212 764 id.
1237 698 1324 763 Julii

374 801 436 880 [14
454 800 477 862 J
480 801 545 881 ul]
562 800 634 880 igni
659 802 817 876 traditus,
840 802 997 866 incendio
1012 808 1237 881 consumptus
1259 804 1324 860 est.

208 913 359 1011 munst-jon,
373 897 585 972 Willelmus,
629 898 857 961 Eboracensis
894 900 1185 980 archiepiscopus,
1231 894 1332 977 apud.

208 1015 252 1059 aa
373 994 618 1059 Pontiniacum
647 995 862 1077 inpartibus
889 996 1036 1060 decessit
1064 994 1323 1067 transmarinis;

207 1112 359 1199 messan
372 1094 428 1155 cui
445 1094 614 1157 successit
628 1093 823 1174 magisterJ
826 1093 990 1171 ohannes,
1006 1094 1117 1156 dictus
1132 1093 1327 1166 Romanae,

207 1210 359 1258 ruspans„
372 1191 528 1254 ecclesiae
561 1191 810 1255 Lincolniensis
836 1199 1037 1274 praecentor.
1101 1191 1228 1266 Maria,
1251 1190 1324 1252 filia

206 1260 268 1307 ntary
278 1270 291 1298 a
300 1269 346 1299 nun

206 1310 314 1396 {tuma-
372 1290 465 1369 regis
494 1288 645 1368 Angliae,
673 1289 728 1351 die
760 1289 966 1353 Nativitatis
995 1291 1105 1352 beatae
1133 1288 1257 1351 Mariae
1285 1286 1324 1369 [8

222 1368 268 1405 ω’
372 1383 486 1469 Sept]
505 1387 595 1468 apud
613 1386 866 1451 Aumbresbere
888 1389 924 1451 in
947 1385 1243 1451 sanctimonialem
1269 1395 1324 1449 est

206 1504 350 1593 ffffgjgggt·
372 1487 502 1550 velata.
543 1485 757 1562 Alexander,
775 1506 838 1549 rex
854 1487 1047 1559 Scotorum,
1064 1485 1169 1547 filiam
1186 1485 1323 1547 comitis

206 1603 256 1641 ana
270 1603 359 1641 manre·
372 1584 415 1647 de
432 1585 560 1658 DrueS,
577 1585 670 1665 regis
686 1583 841 1648 Franciae
858 1582 1272 1666 consanguineam,duxit
1287 1582 1322 1644 in

206 1652 350 1739 isdirl‘lillt
373 1701 528 1745 uxorem.
583 1682 694 1744 Facta
716 1690 768 1744 est
790 1684 964 1744 itineratio
985 1681 1256 1764 justitiariorum
1284 1680 1320 1742 in

206 1749 321 1789 ⁰‘D‘⁰”¹'
371 1780 539 1842 comitatu
564 1778 599 1840 N
602 1778 840 1855 orhamtoniae,
862 1781 927 1841 sub
949 1778 1152 1860 justitiariis
1175 1777 1321 1840 dominis

371 1876 534 1941 lohanne
560 1877 603 1939 de
620 1875 806 1954 Wallibus,
830 1876 1006 1940 Willelmo
1029 1875 1071 1938 do
1094 1875 1234 1952 Saham,
1256 1874 1322 1939 Jo-

370 1974 486 2040 hanne
511 1975 554 2038 de
570 1974 801 2056 Metingham,
825 1975 965 2057 Rogero
985 1974 1151 2056 Loveday
1168 1981 1203 2037 ct
1223 1973 1320 2036 aliis:

370 2080 406 2136 et
431 2075 468 2136 in
491 2073 642 2138 Essexia
664 2076 729 2137 sub
745 2074 946 2156 justitiariis
967 2072 1114 2137 dominis
1138 2072 1323 2135 Solomone

371 2170 415 2234 de
431 2171 630 2243 Rocestria,
655 2171 811 2235 Roberto
828 2173 870 2234 de
888 2170 1084 2250 Redingge,
1101 2168 1256 2232 Ricardo
1278 2168 1322 2233 dc

371 2267 549 2349 Royland,
564 2268 724 2331 Waltero
746 2268 788 2330 de
811 2267 984 2342 Sarchele,
1002 2273 1038 2330 et
1059 2265 1149 2329 aliis.
1201 2265 1323 2329 Domi·

370 2371 438 2428 nus
452 2385 516 2428 rex
532 2364 720 2429 celebravit
738 2364 867 2429 Natale
879 2365 1022 2429 Domini
1037 2363 1130 2446 apud
1147 2362 1323 2427 Exoniam

370 2463 407 2526 in
426 2464 597 2528 Devonia.
1327 2522 1330 2528 .

214 2578 242 2616 A·
251 2575 279 2614 1>-
290 2576 350 2616 1206·
422 2561 620 2643 Philippus,
651 2560 742 2624 filius
774 2560 938 2643 Philippi,
972 2562 1028 2625 die
1057 2561 1263 2645 Epiphaniae
1283 2558 1322 2647 [6

204 2641 332 2740 llllliv'’
371 2658 394 2722 J
397 2661 471 2740 an]
489 2660 609 2723 Remis
643 2660 679 2722 in
709 2678 824 2740 regem
853 2659 1011 2725 Francice
1043 2666 1229 2723 coronatus
1256 2666 1321 2722 est.

205 2741 293 2786 Franco,

205 2789 358 2888 {emm
373 2758 526 2821 Domino
545 2776 628 2839 rege
644 2776 808 2837 magnum
824 2758 1075 2837 parlamentum
1091 2757 1184 2840 apud
1201 2755 1322 2820 West-

204 2888 306 2927 sewen.
370 2856 619 2920 monasterium
645 2862 726 2936 post
762 2853 1041 2919 Purificationem
1078 2855 1117 2936 [2
1145 2854 1246 2936 Fen]
1268 2860 1321 2918 te·

204 2937 302 2977 mm*
371 2961 486 3019 nante.
539 2953 763 3016 Parlamento
800 2953 1030 3017 interfuerunt
1069 2953 1187 3016 nuncii
1227 2952 1321 3033 regis

372 3051 543 3127 Franoiae,
561 3051 720 3115 domiuus
738 3050 895 3115 videlicet
919 3051 1111 3115 Mauricius
1128 3051 1171 3114 de
1192 3048 1321 3126 Croim,

371 3168 486 3213 comes
502 3149 728 3229 Burgundiae,
739 3156 775 3212 et
789 3148 946 3212 dominus
957 3148 980 3212 J
983 3151 1138 3213 ohannes
1155 3149 1199 3211 de
1214 3146 1322 3224 Aera,

206 3265 310 3304 naaria
370 3247 414 3310 de
441 3249 641 3329 proceribus
666 3248 758 3327 regis
788 3247 958 3311 Franciae.
1019 3246 1232 3322 Alexander,
1257 3265 1322 3309 rex

206 3315 330 3354 Alexander

206 3363 315 3450 liliis«.
370 3344 511 3421 Scotiae,
526 3347 620 3408 viam
640 3346 811 3409 universae
829 3348 942 3410 carnis
963 3346 1141 3427 ingressus
1163 3351 1228 3421 est,
1242 3360 1331 3415 xm

206 3440 441 3508 mwmgaakal.
476 3444 609 3524 Aprilis
647 3444 706 3524 [19
739 3443 858 3525 Mar.].
925 3444 1097 3507 Dominus
1127 3462 1203 3518 rex,
1241 3449 1331 3523 post¹
1428 3460 1432 3465 ·

206 3510 325 3550 ‘⁰⁹¹²¹¹⁰⁸'
369 3540 497 3602 festum
521 3541 681 3615 Paschae,
705 3560 821 3604 menso
850 3542 959 3618 Maio,
982 3540 1222 3605 transfretavit
1244 3560 1331 3603 cum·

369 3658 451 3718 rege
470 3638 628 3701 Franciae
651 3638 896 3714 collocuturus,
919 3650 955 3704 et
977 3641 1190 3721 parlamento
1210 3638 1322 3701 Fran-

369 3736 432 3799 ciae
466 3737 559 3799 circa
591 3737 664 3799 dies
703 3737 938 3817 Rogationum
973 3736 1032 3823 [19
1061 3737 1165 3823 Maii]
1201 3737 1320 3800 habito

370 3834 526 3910 Parisiis,
542 3835 597 3897 sui
619 3835 837 3915 praesentiam
854 3836 1084 3914 exhibiturus,
1102 3844 1138 3901 et
1159 3837 1226 3917 ipsi
1249 3836 1324 3917 regi

371 3932 530 3996 Franciae
547 3933 589 3996 de
612 3933 713 3995 terris
731 3953 817 4015 quas
841 3934 969 3998 clamat
991 3936 1034 3998 dc
1051 3955 1092 3998 eo
1119 3943 1237 3998 tenere
1260 3933 1322 3996 ho·

205 4032 522 4142 {ljffjssfflfmaglum
550 4031 717 4094 facturus.
771 4031 900 4108 Quinto
926 4034 1003 4097 idus
1025 4033 1125 4098 Junii
1149 4030 1187 4116 [9
1207 4029 1322 4117 Jan.],
