3074 4508
436 330 630 378 rnoanurrr
655 333 935 382 wroonrunusrs.
1098 320 1163 382 lffi

263 484 418 550 Consilio
439 489 606 553 baronum
630 493 722 572 regis
746 492 902 555 Franciae
927 491 1092 572 Philippi,
1110 488 1160 553 et¹
1175 508 1322 607 gfsssssssslffl‘

212 585 303 664 regis
323 585 461 667 Angliae
484 587 663 670 Stephani,
681 590 878 654 factumest
900 600 939 653 ut
961 590 1053 652 illins
1070 589 1162 651 filius
1176 607 1324 697 :3353th

214 683 427 748 Francorum
449 689 542 766 regis
567 706 720 752 sororem
749 691 921 772 acciperet
942 689 978 751 in
1005 706 1262 753 uxoremunrot

215 780 326 845 Facta
345 793 399 846 est
421 786 643 866 desponsatio
663 788 798 853 illorum
822 808 938 851 mense
961 787 1162 861 Februario,
1178 757 1266 795 ΡΜ

212 881 248 942 in
263 885 504 946 transmarinis
520 887 687 965 partibus,
706 896 815 950 matre
832 887 951 966 regina
967 883 1163 965 Anglorum

213 993 396 1059 proesente‚
429 991 464 1045 et
495 985 757 1065 quampluribus
787 984 869 1046 viris
907 984 1079 1047 nobilibus
1117 1002 1163 1046 ex

212 1079 393 1159 utriusque
411 1082 507 1161 regni
524 1090 621 1162 parte
644 1102 758 1146 coram
777 1084 911 1166 positis.
964 1082 1068 1145 Miles
1085 1082 1163 1169 qui·
1177 1100 1324 1140 nonenim

213 1176 305 1249 darn,
335 1180 473 1242 nomine
500 1180 703 1257 Rotbertus,
733 1182 914 1264 cujusdam
944 1180 1067 1244 nobilis
1097 1181 1163 1242 viri
1178 1151 1289 1239 iiiiii.

213 1274 250 1336 H
255 1278 365 1339 uberti
378 1286 454 1341 erat
466 1278 586 1342 filius?
639 1280 709 1342 Hic
725 1299 787 1342 nec
802 1280 917 1342 Deum
933 1297 995 1342 nec
1007 1279 1163 1341 homines
1177 1250 1331 1348 iiiiieiium

213 1376 355 1447 veritus,
369 1376 430 1439 sed
443 1386 539 1440 totus
552 1379 588 1440 in
601 1380 673 1440 suis
685 1379 812 1441 viribus
823 1378 985 1452 confisus,
999 1377 1165 1441 Mnlmes-

213 1474 373 1554 byriense
390 1475 569 1539 castellum
589 1495 666 1539 cum
694 1478 766 1539 suis
788 1478 858 1539 doli
880 1477 1164 1538 machinamentis

213 1573 352 1647 invasit,
363 1575 454 1653 regis
468 1574 645 1649 militibus',
659 1576 716 1655 qui
732 1576 826 1637 intus
838 1581 946 1647 erant,
960 1574 1163 1655 quibusdam

213 1671 248 1732 in
280 1671 463 1734 ecclesiam
494 1674 608 1736 sancti
631 1673 788 1755 praesulis
812 1672 975 1748 Aldelmi,
1005 1673 1099 1735 velut
1128 1674 1165 1735 in

213 1770 362 1850 asylum,
392 1771 615 1853 fugientibus.
669 1771 766 1849 Quos
791 1774 980 1845 insecutus,
1014 1771 1163 1852 quadam

213 1867 268 1929 die
293 1887 372 1930 curn
394 1871 466 1932 suis
493 1873 599 1932 armis
622 1872 828 1934 militaribus
852 1870 1043 1943 instructis
1070 1871 1165 1950 capi·

212 1966 323 2028 tulum
341 1966 488 2029 fratrum
507 1968 661 2042 intravit,
677 1969 777 2030 minis
793 1987 853 2032 eos
872 1969 1047 2042 territare,
1063 1968 1164 2030 salva

212 2064 359 2127 tuitione
370 2064 576 2128 facultatum
591 2084 744 2142 suarum,
758 2066 863 2146 regiae
877 2066 1056 2146 dignitatis
1068 2065 1164 2129 viros

212 2182 290 2225 cum
317 2165 417 2245 equis
440 2163 532 2227 tradi
556 2165 622 2226 sibi
642 2165 829 2228 mandavit.
881 2162 932 2226 At
957 2162 1017 2239 illi,
1042 2183 1163 2246 pacem

213 2261 281 2324 Dei
294 2271 329 2324 et
345 2263 439 2325 beati
455 2263 593 2343 patroni
609 2265 662 2325 sni
678 2262 831 2327 Aldelmi
845 2261 1032 2342 infringere
1047 2263 1163 2338 veriti,

207 2359 317 2441 jussis
335 2359 534 2442 hujusmodi
551 2362 744 2424 consentire
762 2367 934 2439 renuunt3
958 2368 996 2422 at
1013 2360 1163 2435 demum,
1249 2366 1252 2372 '

211 2456 293 2520 licet
316 2458 431 2533 inviti,
446 2458 517 2538 quo
540 2459 692 2522 vesaniae
714 2459 807 2522 illius
833 2459 1063 2533 satisfaciant,
1086 2458 1163 2520 red-

213 2556 300 2619 dunt
331 2554 452 2637 equos.
504 2556 647 2619 Diutius
674 2556 734 2622 illo
757 2558 793 2620 in
822 2556 967 2620 castello
994 2564 1163 2632 morante,
1176 2578 1303 2619 umnam
1312 2577 1330 2617 rr

207 2654 283 2737 jam
305 2655 456 2718 vastatis
475 2656 634 2718 omnibus
653 2656 689 2717 in
707 2656 866 2731 circuitu,
881 2674 945 2717 rex
962 2674 1038 2717 cum
1062 2673 1162 2717 exer·
1176 2628 1311 2678 ΝΜ·

210 2754 281 2816 citu
314 2754 528 2834 supervenit,
561 2763 596 2817 et
623 2753 695 2817 fere
727 2771 804 2818 vrri.
833 2754 954 2817 diebus
980 2753 1162 2816 castollum

210 2851 357 2914 obsedit·
410 2851 607 2915 Willelmus
630 2853 673 2916 de
697 2854 789 2934 Ipre,
813 2861 853 2916 ut
874 2852 994 2927 fertur,
1016 2869 1162 2913 consan-

209 2951 360 3030 guineus
376 2949 487 3030 ipsius
505 2951 679 3027 Rotberti,
695 2952 738 3014 ad
753 2951 966 3014 reddendum
981 2948 1163 3012 castellum

165 3106 167 3109 ,
208 3050 373 3129 utrinque
396 3050 631 3112 internuntius
656 3050 731 3125 fuit,
753 3050 858 3131 idque
880 3047 1018 3112 tandem
1036 3067 1058 3110 a
1080 3066 1163 3128 rege

208 3147 373 3221 obtinuit,
403 3155 455 3219 ut,
485 3146 618 3210 dextris
649 3148 740 3210 datis
775 3156 810 3210 et
841 3146 986 3210 castello
1015 3145 1162 3222 reddito,

207 3246 305 3324 regio
325 3245 399 3326 juri
424 3245 540 3308 omnia
567 3246 701 3310 cedant.
755 3246 858 3322 Quod
882 3254 917 3307 et
942 3244 1161 3306 factumest.

208 3343 402 3405 Rotbertus
424 3361 505 3405 vero
530 3344 572 3406 ad
601 3343 761 3407 comitem
787 3342 1088 3406 Glaocestrensem
1112 3342 1164 3403 di-

209 3442 327 3516 vertit,
358 3460 464 3522 peues
490 3442 586 3503 illum
621 3443 666 3505 ad
699 3451 834 3522 tempus
863 3443 898 3503 in
930 3440 1000 3502 doli
1030 3459 1163 3502 veneno

208 3548 418 3601 moraturus.
472 3539 553 3602 Non
588 3539 698 3603 'multo
729 3549 820 3621 post,
851 3540 935 3619 quia
965 3538 1164 3600 nullatenus

209 3638 321 3699 voluit
341 3637 591 3717 intelligerent
609 3641 696 3702 bene
713 3647 843 3719 ageret,
859 3638 920 3700 sed
938 3644 978 3700 ut
995 3637 1164 3716 sanguine

245 3853 252 3884 ¹
271 3851 394 3913 Philippi,
401 3851 447 3912 et.]
457 3851 595 3899 Petitione.
606 3851 673 3902 Aua.
699 3853 811 3911 Hubert,
823 3853 873 3899 and
891 3852 934 3899 the
952 3849 1120 3897 transactione
1138 3849 1165 3896 in

209 3921 269 3969 edit.
698 3922 783 3968 which
793 3922 824 3968 he
833 3935 887 3968 was
895 3919 1019 3980 engaged,
1031 3933 1073 3966 see
1083 3917 1165 3966 Gesta

244 3987 254 4018 ²
271 3989 377 4051 Filius]
396 3989 446 4037 For
457 3988 554 4036 further
563 3989 675 4049 particu·
699 3989 831 4049 Stephani,
849 4004 893 4049 pp.
904 3993 953 4047 bb,
970 4003 1043 4048 seqq„
1061 3987 1111 4033 and
1123 3987 1164 4035 W.

207 4060 260 4107 lars
287 4059 398 4120 relating
426 4063 452 4105 to
481 4058 575 4106 Rohert
605 4058 674 4105 Fitz-
701 4059 838 4108 Malmesb.
848 4073 894 4120 pp.
908 4061 966 4118 726,
977 4059 1104 4116 733,734.
