3074 4508
376 315 419 376 10
725 329 934 378 cunorucou

207 504 240 542 oa
252 502 362 542 inuenere
376 486 505 549 mensis
531 486 727 568 episeopus,
755 488 845 568 apud
874 484 1234 560 westmonasterium,
1258 504 1328 566 quo

206 553 332 651 ἷὲἓῖἷῧῗῗιο.
376 604 440 647 rex
453 585 652 648 Willelmus
665 586 762 648 illuni
775 586 914 646 miserat
930 584 1203 658 custodiendum,
1215 584 1328 646 idibus

375 681 540 747 Octobris
565 680 625 766 [15
645 682 754 767 Oct.],
780 682 866 745 feria
888 684 1051 760 secunda,
1070 683 1144 746 vita
1168 682 1328 744 decessit.

375 781 552 845 Successit
572 781 769 862 AEgelwino
786 782 819 843 in
838 783 1075 864 episcopatum
1094 781 1330 844 Dunboimen·

374 899 448 942 sem
466 880 662 956 Walcerus,
678 900 804 962 genere
821 879 1068 962 Lotbariugus

216 995 236 1032 Α
252 993 279 1032 n·
290 993 348 1033 10³³.
427 976 509 1039 Rex
525 976 721 1057 Auglorum
748 978 945 1042 Willelnrus
971 979 1146 1042 civitatem
1172 994 1250 1055 qnae
1269 994 1329 1038 vo-

207 1058 325 1158 mdo..
360 1081 476 1144 ,catnr
502 1073 739 1150 Cinomannis,
763 1085 798 1138 et
821 1077 1032 1156 provinciam
1063 1076 1106 1138 ad
1132 1074 1226 1136 illam
1251 1093 1329 1154 per-

207 1159 290 1197 semion
300 1158 325 1196 ot

208 1206 290 1246 m„
307 1207 362 1246 m.
375 1172 557 1248 tinentem,
577 1173 728 1234 maxime
754 1171 946 1254 Anglorum
973 1173 1159 1255 adjutorio,
1177 1190 1264 1252 quos
1286 1172 1329 1234 de

207 1257 363 1345 {iiofflssim
378 1269 507 1352 Anglia
538 1290 656 1334 secum
687 1272 847 1347 duxerat,
873 1271 938 1334 sibi
968 1271 1183 1353 subjugavit.
1237 1269 1329 1332 Clito

207 1355 325 1444 ffiffifm'
376 1369 562 1450 Eadgarus
581 1371 623 1433 de
643 1370 778 1434 Scottia
802 1390 863 1451 per
878 1370 1043 1450 Angliam
1061 1368 1210 1432 venitin
1236 1366 1271 1430 N
1273 1385 1329 1429 or·

376 1469 566 1543 manniam,
584 1476 715 1531 etcum
734 1488 816 1548 rege
831 1488 868 1531 se
888 1467 1135 1549 repacificavit.

217 1595 280 1635 nn.
291 1596 349 1635 1074.
428 1565 696 1629 Herefordensis
723 1586 836 1628 comes
861 1567 1031 1646 Rogerus,
1050 1566 1140 1628 filius
1162 1563 1330 1627 Willelmi

208 1659 351 1757 2⁰5er
377 1661 533 1743 ejusdem
546 1684 647 1746 pegae
661 1665 809 1739 comitiS,
822 1663 1117 1745 East·Auglorum
1129 1663 1246 1725 comiti
1256 1662 1330 1725 Ra·

208 1758 355 1852 ggffiffiffl
376 1759 486 1836 dulfo,
502 1770 624 1824 contra
642 1770 851 1841 praeceptum
872 1762 963 1840 regis
979 1760 1160 1835 Willelmi,
1177 1778 1329 1821 sororem

208 1858 477 1945 {flgipffigossuam
503 1860 687 1940 conjugem
712 1856 878 1931 tradidit,l
899 1859 1109 1940 nuptiasque
1134 1859 1330 1939 permagni·

208 1957 354 2053 ffli'wu.
376 1954 461 2018 ficas
498 1975 576 2019 cum
614 1955 766 2037 plurima
803 1956 1021 2020 multitudiue
1053 1958 1260 2038 optimatum
1294 1956 1330 2018 iu

208 2054 268 2096 Μ·
377 2053 698 2136 Grantebrycgensi
720 2056 912 2136 provincia,
929 2056 965 2117 iu
989 2056 1067 2119 loco
1083 2056 1144 2136 qui
1162 2054 1331 2134 Yxniuga

375 2152 515 2229 dicitur,
531 2154 758 2226 celebrantes
777 2170 937 2231 magnam
954 2153 1239 2234 conjurationem,
1255 2152 1331 2232 plu-

375 2250 472 2312 rimis
491 2249 771 2324 assentientibus,
787 2257 909 2312 contra
923 2269 1042 2330 regem
1058 2248 1271 2312 Willelmum
1282 2249 1331 2312 ibi

375 2346 551 2421 fecerunt3
577 2348 807 2428 comitemque
832 2346 1073 2411 Waltheosum
1098 2347 1170 2409 suis
1197 2346 1330 2408 insidiis

376 2454 605 2526 praeventum,
629 2465 747 2508 secum
772 2445 954 2527 conjurare
980 2444 1242 2526 compulerunt:
1270 2445 1331 2525 qui

376 2563 461 2607 mox
492 2552 533 2608 ut
566 2545 693 2624 potuit,
734 2542 989 2606 Landfraneum
1008 2603 1010 2607 Α
1030 2542 1331 2606 Dorubernensem

376 2642 674 2724 archiepiscopum
712 2640 807 2716 adiit,
851 2641 1162 2722 poenitentiamque
1206 2642 1250 2703 ab
1287 2660 1331 2704 eo

375 2759 441 2821 pro
469 2740 563 2803 facto
587 2739 669 2803 licet
699 2758 767 2801 uon
794 2747 916 2819 sponte
938 2747 1155 2802 sacramento
1185 2739 1331 2819 accepit,

376 2838 523 2920 ejusque
538 2838 684 2901 consilio
697 2856 814 2917 regem
830 2837 1044 2901 Willelmum
1059 2837 1096 2898 in
1114 2836 1333 2899 Normannia

376 2936 561 3017 degentem
590 2936 700 3017 petiit,
730 2936 831 3016 eique
861 2955 933 2998 rem
964 2955 1007 2997 ex
1040 2934 1160 2998 ordine
1197 2940 1332 3015 gestam

377 3035 548 3115 pandens„
571 3033 666 3096 illius
684 3032 927 3096 misericordiae
946 3033 1038 3096 ultro
1056 3051 1094 3095 se
1110 3031 1215 3095 dedit.
1261 3031 1333 3095 Ve-

377 3151 454 3193 rum
479 3133 530 3194 illi
552 3150 660 3213 snpra
682 3133 862 3194 memorati
880 3131 1131 3213 conjurationis
1140 3119 1332 3210 principes,

375 3231 501 3310 eoeptis
535 3249 675 3311 operam
714 3230 842 3303 daturi,
875 3248 940 3291 sua
972 3229 1120 3292 castella
1152 3229 1333 3309 repetiere,

377 3328 707 3409 rebellationemque
737 3328 864 3390 adoriri
885 3329 979 3390 omui
1007 3336 1136 3389 conatu
1160 3345 1237 3388 cum
1261 3326 1333 3388 suis

375 3548 431 3596 The
451 3549 568 3608 question
586 3548 632 3596 has
653 3549 748 3596 caused
767 3547 843 3596 much
870 3549 899 3596 oi
913 3548 955 3596 the
974 3562 1033 3596 case
1052 3547 1180 3596 hasbeen
1199 3563 1261 3609 very
1275 3550 1337 3610 ably

376 3623 538 3677 controversy
567 3618 682 3665 between
716 3617 758 3665 the
792 3623 843 3665 two
870 3623 909 3666 set
926 3617 992 3665 forth
1004 3619 1037 3676 by
1051 3617 1093 3665 the
1105 3617 1155 3664 late
1167 3617 1269 3666 learned
1284 3619 1336 3666 and

377 3688 514 3744 countries,
527 3687 572 3734 but
589 3687 615 3732 in
634 3686 746 3746 Liugard
759 3685 842 3750 (Hist.
866 3687 998 3746 judicious
1027 3685 1097 3734 John
1125 3685 1211 3745 Alleu,
1238 3688 1264 3734 iu
1293 3687 1335 3736 his

377 3759 490 3815 11.p.36,
502 3756 562 3803 edit.
571 3751 648 3817 1837)
658 3756 708 3801 and
718 3755 843 3816 Palgrave
869 3755 1047 3802 ‘vindicatiou
1063 3754 1092 3801 of
1105 3754 1147 3802 the
1164 3755 1274 3805 Ancient
1290 3756 1336 3804 In·

376 3822 470 3888 (Engl.
481 3823 578 3872 Comm.
601 3835 631 3871 11·
655 3838 681 3882 p.
699 3821 843 3886 cccxxxi.)
869 3824 1034 3884 dependeuce
1046 3822 1074 3870 of
1083 3823 1221 3872 Scotland!

377 3906 437 3951 may
449 3894 480 3942 be
491 3893 569 3940 found
581 3893 617 3940 all
631 3891 686 3940 that
697 3907 745 3940 can
757 3895 787 3941 be
799 3893 845 3940 ad·
906 3891 912 3919 ¹
924 3893 979 3940 The
988 3890 1202 3940 Sax.Chron.sub
1210 3896 1334 3952 aa.1075,

378 3962 475 4009 vanced
487 3976 519 4009 on
532 3961 573 4010 the
584 3961 691 4021 English
703 3962 758 4009 side
765 3962 794 4010 of
802 3961 844 4010 the
871 3965 943 4023 loto,
949 3967 1028 4010 states
1036 3961 1090 4008 that
1096 3961 1267 4022 themerriage
1275 3961 1334 4010 took

378 4031 504 4092 question,
511 4030 588 4078 while
600 4031 643 4079 the
654 4031 766 4079 Scottish
777 4032 844 4080 view
869 4032 943 4092 place
955 4032 1018 4080 with
1029 4029 1167 4078 William's
1178 4036 1289 4078 consent.
