3074 4508
434 349 626 396 ruonnnrn
654 349 932 399 turconnransrs
1092 334 1160 399 265

209 513 317 567 totam
341 506 518 569 civitatem
544 501 746 582 distractus,
771 498 906 570 demum
933 495 1055 588 laqueo
1081 528 1158 571 sus·

211 624 337 684 pensus
360 605 501 668 interiit.
555 604 599 668 In
624 607 797 688 quindena
820 605 964 670 Paschae
993 607 1029 688 [6
1054 605 1158 688 Apa]

209 701 313 784 super
330 713 491 785 compoto
507 704 565 768 W.
585 704 627 767 de
652 705 822 781 Redham,
840 705 1048 769 vicecomitis
1065 706 1157 768 Nor-

210 800 301 864 folch
332 809 365 864 et
389 802 552 879 Sullolch,
583 804 743 866 allocatae
767 804 905 867 fuerunt
927 812 1031 868 cartae
1055 805 1158 867 liber·

210 907 322 962 tatum
350 909 544 965 nostrarum
578 902 622 964 ad
657 903 880 978 scaccarium,
914 901 1159 984 libertatesque

207 998 244 1062 in
275 999 344 1062 illis
375 1002 479 1063 cartis
510 1009 694 1078 contentae,
728 1020 805 1083 quae
830 1001 995 1064 hactenus
1022 1021 1158 1063 reman-

208 1106 325 1161 serant
341 1098 554 1174 indiscussae,
570 1099 726 1162 ecclesiae
749 1105 876 1164 nostrae
900 1100 933 1160 iu
954 1107 1157 1181 perpetuum

208 1196 400 1260 extiterunt
430 1196 649 1281 adjudicatae.
721 1197 922 1280 Cujusmodi
954 1207 1033 1262 sunt
1063 1217 1156 1261 corn-

209 1296 326 1359 munia
360 1298 624 1361 amerciamenta
656 1299 692 1360 in
726 1298 848 1361 itinere
878 1297 1158 1379 justitiariorum,

210 1402 279 1457 tarn
310 1395 352 1457 de
385 1397 554 1476 homagiis
581 1398 709 1460 nostris
738 1416 840 1478 quam
873 1397 992 1462 alicnis
1017 1397 1157 1479 quibus·

210 1512 358 1575 cunque,
380 1495 471 1557 inira
496 1495 699 1557 libertatem.
745 1487 808 1556 ‘De
831 1495 957 1556 nostris
978 1513 1059 1557 vero
1082 1496 1158 1556 ubi-

210 1613 345 1674 cunque
367 1594 529 1669 inventiS,
557 1594 740 1669 murderia,
758 1600 906 1668 vastum,
929 1593 1016 1655 diem
1040 1600 1074 1656 et
1096 1612 1158 1655 an-

211 1711 304 1767 num,
322 1712 429 1772 quare
453 1713 521 1755 non
536 1693 641 1769 venit,
663 1711 769 1775 quare
795 1692 977 1773 sepeliunt,
993 1693 1158 1755 amercia-

210 1799 326 1853 menta
342 1793 446 1854 etiam
468 1792 642 1853 hominum
666 1798 861 1854 nostrorum
882 1809 995 1853 coram
1019 1792 1158 1871 quibus·

210 1908 344 1970 cunque
367 1890 564 1971 justitiariis
590 1891 683 1970 regis
713 1890 979 1969 assignatorum,
1007 1907 1158 1969 quocun·

210 2007 278 2069 que
292 1987 448 2050 locorum
467 1987 606 2051 fuerunt
628 1987 818 2062 amerciati,
836 1987 976 2062 catalla,
996 1978 1157 2050 salonium

211 2093 246 2148 et
281 2083 517 2166 fugitivorum,
551 2104 678 2148 annum
716 2092 751 2148 et
785 2092 934 2161 vastum,
969 2092 1003 2148 et
1034 2093 1160 2149 caetera

211 2183 430 2267 hujusmodi3
458 2205 563 2248 unum
590 2185 723 2261 statim,
746 2183 788 2246 de
816 2183 870 2247 his
894 2202 971 2266 quae
994 2183 1159 2248 hactenus

211 2284 411 2360 extiterant,
426 2283 574 2347 indivisa
589 2301 646 2348 uc.
665 2291 700 2346 et
716 2299 778 2346 xi..
796 2284 873 2348 libr.
889 2283 1004 2377 abbati
1021 2284 1158 2348 fuerunt

208 2380 377 2445 allocatae.
427 2425 431 2430 -

256 2479 524 2544 Occurrentibus
548 2482 685 2545 domino
708 2481 780 2562 regi
804 2478 939 2561 Angliae
961 2481 1159 2563 proceribus
1172 2495 1266 2586 {affin
1307 2503 1313 2518 ¹

212 2579 309 2659 regni
332 2578 471 2657 Scotiae,
494 2588 600 2662 prout
622 2599 713 2644 anno
733 2580 940 2661 praecedenti
962 2579 1157 2642 condictum

209 2676 336 2754 suerat,
363 2679 399 2741 in
428 2680 581 2743 crastino
607 2679 642 2743 S.
666 2678 846 2743 Trinitatis
877 2675 915 2762 [2
938 2676 1039 2764 Jun]
1066 2677 1157 2759 apud

151 2799 153 2803 ·
213 2776 414 2859 Berewych,
436 2777 478 2841 de
500 2778 642 2860 negotio
668 2778 766 2858 regni
788 2775 925 2852 Scotiae,
953 2796 1007 2839 res
1030 2783 1082 2839 est
1107 2777 1160 2839 ita
1187 2839 1200 2867 -.

213 2875 407 2955 protelata3
441 2877 533 2958 quod
556 2877 593 2939 in
616 2877 790 2959 quindena
815 2874 851 2938 S.
875 2874 1056 2938 Michaelis
1079 2893 1160 2954 pro·
1216 2907 1219 2913 ·

212 2975 306 3037 ximo
339 2975 583 3056 subsequentis
616 2977 709 3051 anni,
738 2993 799 3056 per
828 2973 1018 3036 antedictos
1051 2972 1160 3053 ipsius
1184 3027 1212 3063 =.·.

213 3074 342 3153 negotii
365 3073 525 3149 arbitros,
544 3081 604 3137 aut
626 3074 730 3137 alicui
753 3081 856 3136 certae
879 3089 1032 3154 personae
1050 3070 1159 3151 ipsius
1191 3144 1192 3149 γ

213 3173 309 3251 regni
321 3172 509 3235 dominium
520 3172 789 3254 adjudicabitur,
803 3178 865 3233 aut
882 3171 923 3232 ad
939 3170 1048 3251 ipsius
1063 3170 1160 3250 regni
1181 3223 1200 3255 ”r

209 3271 363 3349 ‘regimen
392 3290 455 3351 per
481 3272 572 3351 regis
589 3270 729 3352 Angliae
752 3269 1055 3332 considerationem
1078 3286 1203 3360 pro-“3

214 3369 396 3431 videbitur.
441 3368 672 3432 Venientibus
700 3369 808 3451 igitur
836 3387 877 3430 eo
911 3374 1060 3448 tempore
1091 3365 1160 3427 illis

206 3469 370 3547 superius
395 3469 588 3546 nominatis,
614 3469 738 3548 quibus
763 3466 848 3529 illud
869 3467 1041 3545 negotium
1066 3483 1159 3526 com-

212 3566 353 3627 missum
370 3565 483 3629 fuerat
499 3567 765 3641 discutiendum,
782 3583 851 3627 una
873 3584 949 3627 cum
967 3565 1075 3626 tribus
1090 3561 1159 3624 illis

211 3665 366 3745 partibus
389 3667 549 3746 superius
573 3665 757 3728 nominatis
780 3665 815 3726 in
834 3683 938 3744 regno
956 3660 1113 3724 Scotiae
1098 3679 1159 3740 jus

210 3763 276 3824 sibi
304 3763 567 3838 vindicantibus,
607 3763 709 3844 plane
741 3763 1002 3825 determinatum
1034 3765 1085 3819 est
1115 3757 1158 3818 ab
1172 3773 1289 3860 {heffa

213 3861 353 3935 eisdem,
370 3861 586 3924 dominorum
606 3861 652 3926 R.
670 3862 712 3923 de
728 3860 819 3922 Brus
842 3866 875 3921 et
894 3858 928 3922 J
945 3857 986 3920 de
1004 3833 1250 3966 Hastl¹¹“³¹:,j,‡,‘j
1251 3876 1282 3960 οιο

213 3959 418 4022 calumniam
435 3959 565 4022 irritam
585 3978 660 4022 esse
676 3960 800 4022 debere
817 3958 876 4020 et'
867 3974 1014 4031 manem,
1031 3953 1158 4033 unique
1172 3971 1254 4018 suini

213 4057 235 4122 J
239 4059 363 4123 chaum
389 4058 432 4122 dc
453 4058 617 4140 Baylloll,
640 4066 807 4140 tanquam
828 4055 995 4136 sauguine
1017 4053 1157 4134 propin·
