3074 4508
372 323 417 387 48
740 340 946 387 crinorucon
1032 349 1040 358 ·

208 514 359 564 Thomaubr-
373 498 568 562 coronavit.
620 496 835 560 Venerandoe
858 497 1040 571 memoriae,
1057 503 1092 559 et
1106 495 1159 557 vir
1179 493 1319 575 religio-

207 564 339 604 ΝΜ
373 599 427 661 nis
450 598 600 672 eximiae,
622 596 779 671 affabilis,
796 596 1017 676 omnibusque
1041 593 1208 668 amabilis,
1225 594 1319 657 Ebo-

372 697 525 760 racensis
551 696 827 776 archiepiscopus
844 694 1008 769 Thomas,
1031 709 1107 756 xlv.
1131 691 1199 758 kal.
1218 690 1319 783 DecJ

372 796 433 876 [ls
450 795 574 874 Nov.],
600 796 655 858 die
687 795 877 868 Dominica,
903 813 947 856 ex
976 794 1041 856 hac
1068 793 1141 855 vita
1171 791 1319 854 decessit

208 894 546 1053 {afflengborapn
569 895 623 957 cui
652 895 817 956 successit
845 890 1108 956 Hereiordensis
1135 890 1319 972 episcopus

409 1010 487 1053 erar
513 1010 563 1053 us.
978 1008 980 1012 ·

216 1108 346 1148 numm.
424 1088 695 1168 Dunbolmensis
712 1089 892 1170 episcopus
912 1089 1120 1165 Rannulfus,
1140 1095 1221 1169 post
1246 1087 1319 1151 Na-

207 1175 324 1274 Ξξζξρξξζξ
371 1188 545 1252 tivitatem
572 1187 723 1262 Domini,
740 1187 781 1250 de
804 1187 960 1250 custodia
985 1205 1113 1268 magna
1129 1185 1319 1249 calliditate

207 1275 340 1324 ⁸⁰¹⁰¹⁸¹¹⁶l
370 1286 509 1364 evasit,²
537 1306 628 1349 mare
663 1286 808 1362 transiit,
836 1285 1128 1349 Nortmannorum
1158 1284 1318 1348 comitem

371 1386 582 1451 Rotbertum
608 1386 705 1460 adiit,
720 1387 818 1468 eique
833 1386 952 1460 suasit,
968 1392 1008 1446 ut
1025 1384 1186 1464 Angliam
1208 1383 1318 1446 hosti·

369 1486 450 1549 liter
473 1487 594 1549 adiret.
648 1484 723 1549 Nec
749 1486 860 1547 minus
884 1484 1061 1566 perplures
1085 1484 1187 1567 hujus
1216 1489 1317 1546 terrae

370 1585 557 1666 principes,
574 1584 687 1646 missis
715 1584 757 1646 ad
783 1603 860 1645 eum
882 1583 1020 1664 legatiS,
1046 1589 1257 1663 rogaverunt
1278 1589 1318 1644 ut

370 1681 537 1762 Angliam
569 1684 732 1746 festinato
761 1684 902 1756 veniret,
929 1701 1092 1743 coronam
1115 1689 1149 1742 et
1171 1698 1317 1760 regnum

208 1796 332 1836 croatam
370 1778 421 1840 illi
444 1781 696 1860 promittentes.
749 1777 880 1841 Civitas
899 1778 1097 1853 Glaworna,
1123 1797 1198 1840 curn
1225 1779 1319 1859 prin·

207 1847 281 1887 '’⁰¹¹¹‘'
370 1877 475 1957 cipali
487 1877 709 1953 monasterio,
720 1884 755 1940 et
771 1877 859 1954 aliis,
871 1893 947 1939 vin.
959 1877 1037 1939 idus
1053 1877 1077 1941 J
1080 1875 1149 1939 ιιιι.3
1162 1877 1227 1957 [6J
1231 1877 1318 1958 un.],

207 1993 287 2034 nonen
370 1975 457 2039 feria
469 1979 600 2058 quinta,
615 1976 772 2038 incendio
788 1976 1024 2056 conflagravit.
1072 1975 1194 2040 Comes
1212 1975 1319 2039 Nort-

205 2045 323 2134 ilffi'dee'
369 2094 575 2140 marinorum
595 2076 797 2150 lantbertus,
813 2076 978 2156 equiturn,
992 2077 1263 2154 sagittariorum,
1281 2083 1318 2139 et

205 2142 302 2192 mm
368 2175 538 2254 peditum,
554 2193 621 2237 non
647 2191 789 2255 parvam
814 2191 1028 2252 congregans
1052 2172 1318 2249 multitudinem,

368 2272 405 2333 in
427 2274 516 2346 loco,
544 2273 602 2352 qui
619 2270 870 2334 Nortnrannica
890 2271 1010 2351 lingua
1036 2269 1161 2333 dicitur
1182 2270 1317 2334 Ultres·

368 2377 461 2450 port,
496 2389 604 2433 naves
635 2369 852 2433 coadunavit.
904 2369 1041 2447 Quibus
1066 2388 1129 2432 rex
1157 2370 1317 2450 cognitis,

368 2469 576 2532 butsecarlis
592 2469 756 2550 praecepit
773 2487 866 2531 mare
885 2468 1069 2542 custodire,
1085 2474 1120 2530 et
1134 2469 1318 2532 observare

368 2586 412 2629 ne
428 2569 506 2649 quis
522 2568 564 2630 de
579 2569 736 2649 partibus
753 2566 993 2630 Nortmanniee
1013 2565 1099 2628 fines
1116 2567 1227 2630 adiret
1242 2565 1317 2630 An·

368 2665 463 2744 gliae.
516 2666 598 2748 Ipse
620 2685 713 2742 vero,
736 2665 975 2728 innumerabili
998 2665 1151 2727 exercitu
1175 2685 1318 2746 congre·

369 2771 454 2843 gato
488 2764 531 2827 de
562 2771 635 2828 tota
662 2765 799 2845 Anglia,
826 2783 894 2852 non
920 2762 1022 2845 longe
1048 2765 1091 2826 ab
1118 2764 1318 2846 Heastinga
1369 2773 1372 2778 ’

369 2871 487 2927 castra
503 2865 621 2945 posuit
642 2863 678 2926 in
701 2861 980 2941 Suth·Saxonia;
1005 2856 1207 2926 autumabat
1227 2865 1317 2926 enim

369 2981 433 3042 pro
461 2972 568 3038 certo,
594 2963 732 3026 fratrem
757 2981 855 3024 suum
881 2962 950 3024 illis
977 2961 1012 3022 in
1041 2962 1198 3042 partibus
1229 2981 1319 3026 nave

369 3062 610 3142 appulsurum.
662 3060 713 3124 At
727 3060 796 3136 ille,
812 3060 954 3123 consilio
972 3059 1136 3121 Rannulfi
1153 3061 1317 3142 episcopi,

369 3160 539 3237 quosdam
556 3161 598 3222 de
617 3160 710 3240 regis
732 3158 934 3221 butsecarlis
958 3158 1044 3221 adeo
1071 3178 1183 3221 rerum
1204 3159 1318 3223 diver-

368 3275 486 3320 sarum
516 3259 798 3338 promissionibus
820 3258 935 3338 fregit,
951 3264 1000 3331 ut,
1023 3256 1189 3320 fidelitate
1212 3276 1317 3338 quarn

368 3357 443 3436 regi
459 3356 631 3419 debebant
649 3358 852 3438 postposita,
869 3356 912 3417 ad
936 3374 973 3417 se
996 3353 1264 3435 transfugerent,
1283 3363 1318 3418 et

368 3454 435 3515 sibi
452 3455 496 3515 ad
513 3455 677 3536 Angliam
695 3455 798 3518 duces
822 3455 1019 3516 existerent.
1055 3452 1192 3515 Paratis
1209 3453 1318 3533 igitur

368 3553 542 3628 omnibus,
559 3573 636 3616 cum
652 3555 805 3616 exercitu
821 3572 943 3615 navem
959 3550 1157 3614 conscendit
1175 3559 1211 3614 et
1225 3552 1318 3615 circa

405 3783 412 3813 ¹
429 3786 496 3848 xm]
515 3787 548 3836 So
556 3788 587 3837 L.
594 3789 645 3836 and
653 3789 684 3837 R.
695 3789 831 3848 Hoveden3
856 3785 934 3833 vital,
949 3800 975 3845 p.
987 3789 1045 3846 786,
1061 3786 1111 3833 and
1122 3787 1164 3834 W.
1182 3787 1318 3836 Malmesb.

369 3856 399 3905 C.
412 3859 460 3904 ond
471 3857 541 3904 editt.
551 3870 585 3905 ιν.
856 3868 924 3950 rap.
937 3855 1112 3971 ⁶²⁰⁹·{ditJE'
1124 3856 1263 3972 aspum
1282 3924 1306 3971 R

402 3983 413 4014 ²
431 3987 543 4049 Evasit]
561 3987 611 4035 For
626 3988 669 4037 tho
686 4003 788 4038 manner
804 3990 832 4038 oi
856 3936 999 4053 Hovddldd}
1016 3939 1065 4042 mla.
1084 3924 1137 4041 uxd]
1156 3992 1208 4041 kal.
1236 3959 1318 4054 dun}

367 4055 529 4104 Flambard's
550 4071 651 4118 escape,
668 4072 711 4106 see
724 4059 830 4108 Orderic
856 4062 926 4112 editt.
937 4075 994 4112 vur.
1006 4062 1066 4109 idus
1077 4062 1137 4110 Jan.
