3074 4508
436 352 627 399 rnoasuru
657 353 932 401 wrcoaumasrs.
1099 339 1164 402 llll

212 508 386 589 recipere:
412 510 474 572 vix
495 511 585 572 enim
608 509 763 590 plerique
784 508 1008 570 cardinalium
1027 509 1163 590 dignati

211 615 293 668 sunt
319 628 382 670 uos
411 610 564 688 recipere
589 608 644 670 vel
671 608 705 669 iu
734 608 848 670 verbo.
901 605 971 669 Diu
995 608 1102 688 igitur
1125 610 1161 672 in

212 707 444 768 amaritudine
467 707 651 787 spirituum
676 714 870 768 nostrorum
898 706 1001 768 auxie
1022 715 1160 769 contur-

212 803 298 876 bati,
327 804 381 866 his
408 806 555 886 quivos
586 804 720 866 fidelius
750 805 940 885 diligebant
966 804 1160 869 omnimode

210 903 498 981 supplicavimus,
535 911 573 966 ut
607 922 725 967 eorum
764 904 960 965 interventu
1000 903 1159 968 dominus

210 1018 303 1079 papa
331 1002 430 1063 nohis
453 1021 658 1083 quocunque
681 1000 783 1064 modo
810 1001 1016 1063 audientiam
1044 1002 1158 1064 indul·-

210 1107 321 1176 geret.
368 1099 424 1162 Ad
457 1120 575 1163 eorum
607 1093 760 1162 tandem¹
794 1099 994 1161 instantiam
1028 1103 1158 1182 recepti

210 1206 294 1259 sunt
323 1199 483 1262 dominus
516 1201 623 1262 abhas
649 1197 877 1261 Wallacensis
909 1205 943 1259 et
976 1197 1019 1262 lt.
1045 1197 1158 1263 Lexo-

211 1294 339 1358 viensis
363 1299 636 1373 archidiaconus,
659 1298 718 1379 qui
735 1298 849 1360 minus
871 1297 1082 1359 habebantur
1099 1318 1158 1361 su-

210 1396 333 1472 specti.
361 1395 435 1476 Ipsi
446 1407 575 1472 autem,
592 1417 668 1458 cum
683 1415 806 1459 nomen
817 1404 1156 1477 vestrum,tauquam

211 1490 272 1553 lilii
293 1492 462 1557 Romanae
478 1495 691 1558 devotissimi
710 1494 876 1568 ecclesiae,
894 1495 929 1554 in
945 1494 1156 1558 salutatione

211 1608 255 1650 ex
290 1598 406 1654 vestra
438 1600 538 1673 parte
571 1600 813 1673 proponerent,
845 1592 1049 1655 acclamavit
1081 1601 1158 1656 tota

210 1689 319 1765 curia,
352 1689 566 1767 ‘Sustinete,
599 1691 790 1765 sustinete,'
822 1698 986 1770 tanquam
1017 1690 1156 1754 domiuo

208 1806 311 1867 papae
334 1790 564 1853 abominabile
588 1797 678 1852 esset
700 1788 819 1851 audire
844 1808 965 1851 nomeu
991 1797 1155 1851 vestrum.

210 1883 267 1946 Sic
286 1905 307 1947 a
323 1888 420 1949 curia
436 1889 613 1951 venientes
634 1906 711 1950 sero
730 1888 904 1950 redierunt
920 1888 962 1949 ad
979 1888 1153 1950 dominum

208 2001 350 2063 papam,
363 1985 395 2045 ei
407 1984 450 2047 de
462 1993 581 2048 nostro
592 1984 765 2047 communi
777 1985 920 2047 consilio
931 1992 1156 2065 exponenteS,

210 2081 303 2160 quod
319 2083 419 2144 nobis
439 2083 552 2146 fuerat
568 2102 589 2146 a
605 2089 723 2145 vestra
740 2081 923 2164 majestate
940 2081 1153 2162 injunctum

208 2177 400 2243 referentes
419 2182 525 2244 etiam
549 2181 700 2244 seriatim
726 2180 863 2259 singula
893 2178 1055 2242 beneficia
1076 2198 1156 2260 quae

209 2279 438 2343 contuleratis
466 2279 721 2353 Cantuariensi,
746 2285 782 2340 et
808 2277 964 2359 singulos
991 2297 1155 2341 excessus

209 2383 244 2437 et
272 2376 605 2458 inopportunitates,
631 2395 716 2458 quas
742 2383 864 2439 contra
889 2385 1035 2439 vestram
1061 2393 1157 2438 com·

208 2474 354 2537 miserat
369 2475 574 2555 dignitatem
587 2496 595 2554 ;
614 2474 793 2553 totumque
805 2473 871 2536 hoc
885 2475 995 2554 primo
1009 2481 1156 2550 secreto,

207 2579 332 2652 postea
346 2592 465 2636 coram
489 2574 628 2636 domino
651 2590 743 2654 papa
766 2578 801 2634 et
827 2571 983 2634 omnibus
1001 2571 1157 2634 cardina-

206 2670 311 2746 libus,
323 2671 611 2735 contendentibus
623 2671 725 2734 etiam
738 2677 859 2733 contra
868 2689 940 2745 eos,
955 2668 1156 2733 Alexandro

209 2776 245 2831 et
262 2767 420 2833 Guntero
438 2771 664 2844 Flandrense,
681 2769 814 2831 clericis
837 2767 1155 2830 Cantuariensibus.

210 2865 372 2931 Instante
383 2866 468 2932 vero
483 2870 606 2950 quinta
622 2868 707 2930 feria
719 2877 798 2929 ante
808 2864 948 2928 Pascha
964 2865 1023 2946 [23
1033 2864 1156 2945 Mar.],

207 2965 332 3046 inqua
356 2968 398 3030 de
425 2965 677 3031 consuetudine
701 2965 870 3028 Romanae
892 2963 1043 3026 ecclesiae
1065 2962 1157 3026 solet

208 3064 369 3126 dominus
400 3085 494 3146 papa
531 3066 667 3148 publice
706 3063 896 3137 absolvere,
930 3062 983 3124 vel
1020 3061 1157 3142 publice

209 3165 532 3241 excommunicare3
571 3182 648 3225 cunr
683 3162 768 3224 certi
801 3179 953 3223 essemus
987 3160 1077 3241 quod
1114 3159 1157 3222 de

209 3268 327 3323 vestro
344 3269 379 3324 et
398 3263 495 3342 regni
512 3262 619 3324 vestri
632 3259 844 3342 gravamine,
858 3267 1019 3338 tanquam
1031 3257 1075 3319 ad
1092 3256 1157 3320 boc

208 3360 309 3438 proni
328 3367 552 3436 tractassent,
576 3359 810 3423 consuluimus
836 3375 894 3418 eos
921 3375 1006 3437 quos
1029 3363 1157 3418 vestrae

209 3457 388 3537 majestati
404 3459 575 3521 fideliores
593 3455 971 3538 cognovimus,scilicet
983 3454 1157 3516 dominum

209 3552 450 3632 Portuensem,
478 3557 654 3619 dominum
671 3555 693 3618 J
696 3555 879 3629 acinetum,
896 3554 1068 3615 domiuum
1089 3549 1158 3614 Pa-

209 3653 376 3732 piensem,
391 3657 567 3717 dominum
579 3654 886 3726 Tusculanensem,
900 3651 1073 3714 dominum
1091 3649 1158 3712 Pe-

208 3759 300 3812 trum
321 3751 363 3813 de
387 3753 492 3815 Mirio
509 3753 685 3836 (dominus
707 3751 729 3814 J
733 3751 885 3813 ohannes
905 3747 1159 3829 Neapolitanus

210 3847 363 3931 aberat),
380 3869 457 3911 cum
476 3852 569 3912 omui
592 3850 705 3912 studio
725 3855 760 3910 et
774 3849 939 3910 instantia
961 3854 1158 3920 exorantes

306 4077 313 4107 ¹
335 4079 425 4126 Eorum
437 4077 554 4140 tardem]
573 4077 696 4138 Supplied
709 4074 770 4124 from
784 4074 915 4135 Hoveden,
927 4073 986 4122 MS.
999 4072 1066 4120 cruit.
