3074 4508
441 351 631 398 ruonnuru
661 348 943 397 wrconrtmnsrs.
1130 333 1175 396 83

211 505 345 586 ejicere.
401 505 470 584 Qui
497 514 612 569 autem
635 525 736 569 secus
759 506 872 568 facere
895 506 1171 585 praesumpserit,

212 605 562 668 excommunicationi
577 605 783 686 subjacebit.

262 719 300 764 x.
320 702 450 766 Nullus
468 705 709 785 episcoporum
722 703 865 767 alterius
878 711 1071 783 praesumat
1086 722 1169 783 par·

212 801 394 863 ochianum
427 802 586 865 ordinare
620 811 681 864 aut
713 802 891 884 judicare3
926 803 1168 884 unusquisque

211 900 300 961 enim
334 919 398 962 suo
431 901 570 964 domino
601 908 671 963 stat
699 909 760 964 aut
787 901 901 964 cadit:
936 919 999 962 nec
1029 908 1169 964 tenetur

212 996 335 1078 aliquis
351 1001 525 1062 sententia
541 1018 610 1062 non
629 1019 650 1061 a
664 1019 728 1062 suo
742 999 875 1081 judicio
891 999 1043 1079 prolata.

254 1113 309 1160 xr.
335 1097 448 1161 Nemo
464 1099 800 1161 excommunicatum
817 1097 960 1160 alterius
973 1106 1168 1178 praesumat

214 1195 248 1257 in
278 1198 550 1260 communionem
580 1198 765 1279 suscipere.
820 1194 922 1273 Quod
955 1198 985 1258 si
1018 1198 1167 1259 scienter

213 1294 343 1370 iecerit,
363 1306 397 1359 et
414 1296 488 1377 ipse
507 1297 746 1359 communione
762 1304 880 1358 careat
897 1294 1111 1358 Christiana.

261 1409 329 1455 xri.
363 1394 590 1476 Praecipimus
620 1397 726 1457 etiam
753 1413 796 1455 ne
824 1393 883 1454 uni
912 1411 1071 1473 personae
1097 1392 1166 1454 duo

213 1491 510 1555 archidiaconatus
546 1492 602 1554 vel
636 1493 764 1555 diversi
797 1491 926 1554 ordinis
966 1492 1167 1554 tribuantur

213 1589 369 1652 honores

263 1705 347 1751 xrrr.
377 1688 607 1770 Presbyteris,
635 1690 850 1762 diaconibus,
879 1687 1165 1762 subdiaconibus¹

213 1789 397 1864 canonicis,
435 1806 595 1864 uxorum,
634 1789 916 1859 concubinarum,
946 1793 982 1848 et
1021 1787 1163 1848 omnino

213 1886 363 1947 omnium
413 1885 629 1948 foeminarum
675 1886 902 1949 contubernia
953 1886 1163 1948 auctoritate

212 1984 404 2063 apostolica
429 1984 642 2056 inhibemus;
668 1991 796 2064 praeter
814 1990 972 2057 matrem,
994 2001 1163 2058 sororem,

211 2081 364 2156 amitam,
387 2081 460 2145 sive
485 2082 564 2145 illas
590 2082 751 2146 mulieres
779 2100 858 2163 quae
887 2081 981 2142 omni
1019 2089 1164 2144 careant

211 2182 418 2262 suspicione.
472 2179 542 2259 Qui
558 2182 661 2264 hujus
683 2181 810 2244 decreti
828 2180 978 2244 violator
993 2180 1164 2254 extiterit,

211 2279 389 2342 confessus
416 2281 470 2342 vel
498 2283 691 2356 convictuS,
720 2280 855 2344 ruinam
878 2278 1010 2360 proprii
1033 2278 1164 2341 ordinis

212 2378 376 2456 patiatur.

259 2492 336 2539 x1V.
374 2475 491 2539 Usura
520 2484 555 2538 et
584 2483 686 2558 turpe
717 2477 851 2538 lucrum
884 2473 1018 2537 clericis
1051 2475 1167 2536 omni·

211 2574 319 2637 modis
336 2576 568 2655 prohibemus.
622 2572 692 2651 Qui
707 2593 791 2637 vero
812 2592 918 2654 super
941 2573 1083 2635 crimine
1100 2561 1164 2635 tali
1208 2588 1209 2591 ’

210 2672 387 2737 confessus
410 2674 514 2737 fuerit
537 2682 597 2736 aut
622 2674 816 2748 convictus,
838 2691 860 2735 a
884 2672 996 2754 gradu
1020 2673 1163 2754 proprio

211 2772 403 2854 dejiciatur.
982 2825 984 2831 .
1241 2760 1243 2764 ⁸

259 2887 323 2934 xv,
362 2871 565 2951 Sortilegos,
598 2869 737 2944 ariolos,
767 2876 802 2931 et
834 2868 983 2949 auguria
1012 2887 1162 2950 quaeque
1221 2863 1224 2867 ’
1257 2925 1260 2931 .

209 2976 391 3045 sectantes,
421 2970 538 3053 eisque
566 2953 833 3042 consentientes
862 2967 1159 3029 excommunicari

210 3069 439 3149 praecipimus,
455 3074 691 3150 perpetuaque
706 3075 868 3129 notamus
886 3064 1040 3128 infamia.

259 3183 336 3230 xvi.
362 3167 461 3229 Inter
487 3166 764 3246 consanguineos
793 3184 853 3227 seu
879 3162 1048 3226 affinitate
1075 3182 1159 3225 con-

203 3265 344 3346 junctos
367 3284 478 3346 usque
501 3265 543 3326 ad
561 3263 817 3344 generationem
841 3261 1062 3324 matrimonia
1078 3279 1160 3323 con·

209 3363 297 3425 trahi
325 3364 557 3444 prohibemus.
597 3361 632 3424 Si
659 3362 718 3441 qui
744 3380 825 3424 vero
848 3359 966 3422 taliter
982 3358 1161 3440 conjuncti

209 3463 345 3537 therint,
361 3468 575 3542 separentur.

256 3577 347 3624 xvr1.
388 3559 630 3635 Interdicimus
671 3558 776 3620 etiam
813 3564 853 3618 ut
894 3555 958 3617 viri
998 3556 1158 3636 proprias

208 3676 333 3721 uxores
356 3659 398 3720 de
422 3658 722 3738 consanguinitate
745 3657 961 3736 impetentes
989 3662 1024 3715 et
1050 3661 1157 3716 testes

208 3776 291 3837 quos
317 3756 493 3818 adducunt
514 3775 584 3818 non
606 3755 850 3834 suscipiantur,
874 3752 934 3814 sed
955 3752 1071 3833 prisca
1096 3770 1158 3831 pa·

207 3863 295 3916 trum
335 3862 494 3916 servetur
545 3848 744 3916 auctoritas
809 3850 960 3912 ‘Placet
1008 3849 1155 3911 vobisl'

208 3954 387 4031 ‘Placet3'
423 3952 569 4014 ‘Placet
608 3951 748 4013 vobisi’
792 3948 975 4024 ‘Placet3’
1011 3947 1158 4009 ‘Placet

205 4053 299 4115 robis
314 4055 327 4114 l
343 4054 351 4078 '
377 4051 547 4113 ‘Placet’

966 4169 1016 4211 οἳ
