3074 4508
359 301 424 364 192
608 315 856 364 covrrnunmo
880 315 1055 363 crraorncr

361 478 415 533 est
426 489 488 553 per
500 479 607 533 totam
619 467 798 550 Angliam,
812 469 987 548 regalibus
997 470 1031 530 in
1044 470 1200 543 barones,
1209 467 1312 528 baro·

362 570 463 632 nibus
482 570 517 631 in
536 568 670 648 regales
689 567 931 631 miserabiliter
946 567 1181 631 saevientibus.
1230 562 1312 628 Rex

362 667 501 747 Angliae
535 686 611 728 curn
649 686 729 746 rege
763 665 992 742 Alamanniae,
1023 665 1131 729 fratre
1164 682 1238 739 sno,
1270 669 1307 725 et

364 764 545 837 Edwardo,
562 763 884 844 primogenitom,
904 764 1182 829 Norbamtonam
1200 760 1308 823 multo

364 862 474 924 milite
491 863 660 923 munitam
678 863 782 942 cepit.
836 862 990 927 Sabbata
1006 871 1089 926 ante
1108 859 1309 925 Passionem

363 961 507 1023 Domini
529 959 588 1041 [13
604 957 720 1039 Apr.],
736 960 885 1023 barones
906 979 985 1023 cum
1011 958 1310 1024 Londoniensibns

361 1057 488 1122 milites
514 1077 627 1122 arcem
644 1056 883 1121 Rovecestriae
903 1060 1107 1134 munientes,
1126 1066 1161 1121 et
1179 1055 1242 1120 sibi
1264 1054 1309 1118 ad

360 1157 588 1239 praeliandum
612 1156 806 1232 obviantes,
828 1156 949 1219 turrim
977 1156 1146 1220 reintrare
1171 1173 1309 1235 compn-

197 1277 328 1325 rowuprun.
361 1255 487 1330 lerunt,
511 1255 667 1336 pluribus
693 1275 737 1317 ex
770 1255 843 1317 suis
872 1256 1101 1337 interemptis.
1154 1254 1308 1317 Berones

197 1326 315 1414 iiiiiimd
361 1374 439 1418 cum
456 1353 755 1417 Londoniensibns
768 1351 790 1415 J
795 1354 988 1417 ndaismum
1003 1353 1193 1417 Londoniae
1206 1349 1308 1432 spoli-

198 1472 245 1510 rna
254 1472 320 1511 utne
329 1473 352 1511 or
361 1460 519 1528 averunt,
535 1453 653 1515 multis
671 1451 693 1514 J
697 1452 806 1516 udaeis
823 1453 1023 1516 intersectis.
1079 1450 1166 1514 Post
1183 1448 1308 1513 multas

200 1521 279 1560 m
361 1561 397 1615 et
415 1552 547 1614 ssebiles
562 1551 738 1614 molestias
753 1551 923 1616 hincinde
940 1552 1070 1628 illataS,
1085 1551 1177 1633 apud
1188 1548 1309 1612 Leues

362 1650 525 1713 dictiduo
537 1669 635 1728 reges
646 1668 722 1711 cum
737 1651 924 1712 baronibus
940 1651 1068 1712 bellum
1085 1650 1171 1712 satis
1186 1648 1307 1710 durum

362 1747 620 1818 commiserunt,
637 1762 676 1806 11.
694 1746 740 1808 id.
760 1746 848 1808 Maii
865 1747 924 1826 [14
936 1746 1065 1826 Maii];
1092 1748 1150 1809 ubi
1167 1747 1309 1808 barones

362 1845 544 1906 victoriam
578 1843 812 1906 obtinuerunt.
882 1843 1015 1924 Regem
1050 1843 1200 1926 Angliae,
1230 1843 1312 1906 licet

363 1950 529 2023 ceperunt
555 1950 648 2018 tunc,
667 1961 737 2004 non
752 1942 852 2023 quasi
870 1951 1023 2024 captum,
1042 1944 1103 2006 sed
1126 1941 1313 2018 curialiter,

366 2049 531 2121 tanquam
560 2040 749 2115 dominum,
783 2040 1042 2105 custodierunt:
1083 2061 1199 2122 regem
1229 2038 1311 2104 Ale·

364 2141 513 2202 mannioe
526 2146 665 2219 captum
676 2138 861 2201 duxerunt.
889 2138 1082 2202 Edwardus
1094 2159 1157 2221 pro
1170 2156 1316 2216 suornm

364 2237 571 2299 liberatione
589 2234 741 2296 obsidem
758 2253 796 2297 se
812 2235 932 2299 dedit:
954 2255 1074 2299 omnes
1096 2236 1206 2299 dictas
1229 2254 1311 2317 pro·
1413 2294 1416 2299 .

367 2334 519 2397 visiones
532 2332 680 2396 Oxoniae
696 2352 733 2395 se
751 2331 825 2396 fore
839 2334 1084 2397 observaturos
1097 2335 1312 2416 juraverunt.

368 2431 542 2513 Deinceps
560 2438 689 2494 autem
721 2450 785 2493 rex
825 2451 894 2513 quo
938 2433 1085 2496 barones
1124 2431 1313 2515 pergebant

367 2530 538 2612 perrexit,
559 2538 594 2592 et
629 2529 722 2610 quod
751 2529 946 2593 faciendum
976 2529 1212 2608 decreverant,
1237 2528 1312 2592 dili·

336 2688 339 2693 .
368 2636 492 2708 genter
518 2638 553 2691 et
576 2628 725 2691 libenter
753 2627 912 2691 faciebat.
965 2628 1090 2692 Edicto
1106 2629 1211 2710 >regis
1240 2634 1312 2711 pax

368 2727 584 2808 proclamata
605 2732 658 2788 est
678 2745 741 2807 per
767 2726 962 2789 universam
986 2734 1122 2789 terram.
1177 2726 1312 2807 Regina

368 2823 520 2905 Angliae,
550 2825 584 2886 in
617 2823 775 2906 partibus
808 2824 1049 2887 transmarinis
1081 2823 1247 2900 existens,
1276 2831 1312 2886 'et

368 2922 510 2985 audiens
536 2941 607 2985 rem
635 2930 770 3003 gestam
794 2923 856 2998 sic,
874 2922 1033 2999 indoluit,
1049 2922 1312 3003 conducensque

368 3023 558 3084 exercitum
572 3019 756 3095 infinitum,
774 3019 938 3101 Angliam
958 3020 1122 3084 invadere
1146 3021 1312 3084 arbitrata
1392 3090 1398 3097 ,

367 3127 440 3197 est3
465 3119 525 3183 sed
552 3138 647 3181 mare
671 3118 842 3200 litoreque
864 3119 997 3182 marino
1021 3138 1082 3200 per
1104 3125 1312 3200 praeceptum

369 3218 459 3298 regis
492 3226 528 3281 et
558 3219 727 3280 baronum
760 3218 901 3298 copioso
935 3218 1089 3280 exercitu
1118 3216 1312 3298 Anglornm

367 3315 554 3391 custodito,
584 3315 809 3378 transfretare
840 3315 1029 3379 adversarii
1060 3316 1310 3390 formidabant;

369 3414 600 3496 thesauroque
610 3415 739 3495 reginae
751 3422 968 3494 consumpto,
978 3414 1107 3494 singuli
1119 3413 1162 3477 ad
1176 3411 1314 3495 propria

368 3531 435 3574 non
464 3514 540 3574 sine
569 3513 688 3575 labore
718 3520 752 3574 et
781 3513 905 3575 rubore
932 3512 1061 3574 reversi
1090 3519 1181 3574 sunt.
1234 3509 1314 3588 Quo

367 3610 498 3685 audito,
517 3610 673 3673 custodia
690 3611 823 3672 marina
837 3610 996 3673 cessavit.
1035 3609 1318 3673 Memorandum·

367 3727 446 3788 que,
457 3709 561 3790 quod,
575 3710 640 3769 nisi
649 3727 743 3769 mare
755 3708 805 3769 sic
821 3708 1030 3772 custoditum
1043 3706 1317 3789 fuisset,Anglia

366 3809 409 3869 ab
420 3807 623 3887 alienigenis
633 3814 738 3888 capta
750 3806 885 3870 fuisset.
923 3806 1317 3879 Memorandumetiam,

366 3906 457 3985 quod
477 3925 595 3968 omnes
608 3905 720 3986 burgi,
738 3905 841 3980 villae,
854 3914 888 3969 et
904 3914 1117 3986 campestres
1132 3913 1166 3968 et
1178 3903 1318 3967 ecclesi·

365 4004 485 4066 asticae
506 4023 663 4086 personae
686 4005 798 4068 taxati
826 4003 967 4067 suerunt
992 4001 1316 4076 adinveniendum,
