3074 4508
616 327 788 375 annuncia.
1103 310 1179 373 xvii

225 486 363 567 quidem
385 507 535 570 unguem
551 487 711 563 discessi;
736 506 805 567 quo
822 485 1018 548 factumest
1035 492 1073 547 ut
1089 505 1177 549 nou-

227 605 402 667 nunquam
426 599 567 651 coactus
590 587 710 649 fuerim
736 586 854 666 aliqua
876 603 998 647 manca
1021 592 1056 647 et
1073 586 1178 647 muti-

225 681 298 747 lata
313 686 520 767 relinquere,
536 705 612 748 curn
639 684 768 747 nullum
792 683 885 746 aliud
904 684 1041 746 adesset
1058 702 1176 746 exem-

224 782 301 861 plar
318 785 411 864 quod
429 786 530 847 istius
546 785 687 847 lacunas
703 784 865 866 supplere
882 791 1008 862 posset.
1056 781 1175 863 Hujus

224 882 350 960 operis,
374 891 414 946 ut
436 893 517 946 ante
544 883 629 958 dixi,
645 891 767 945 auctor
789 882 855 944 fuit
881 880 1093 956 Florentiae,
1117 900 1176 943 ec·

223 979 338 1042 clesioe
366 982 573 1045 cathedralis
602 981 792 1061 Wigorniae
816 979 1015 1054 monachus,
1040 980 1100 1060 qui
1122 979 1174 1042 hi·

222 1079 367 1141 storiam
391 1100 490 1142 suam
508 1082 552 1143 ab
572 1081 670 1144 initio
687 1080 804 1142 mundi
825 1079 869 1141 ad
893 1098 1021 1151 aunum
1038 1087 1175 1159 apartu

223 1175 381 1258 Virginis
410 1195 577 1242 mcxvnl.
605 1179 761 1253 deduxit,
793 1179 829 1239 in
861 1197 929 1258 quo
964 1178 1072 1239 vitam
1102 1197 1174 1240 una

223 1293 300 1337 cum
317 1296 422 1357 opere
439 1278 558 1351 linivit,
578 1276 669 1358 quod
687 1276 764 1339 inde
782 1282 904 1356 postea
922 1276 965 1337 ab
984 1275 1053 1337 alio
1077 1274 1173 1356 ejus-

221 1373 297 1435 dem
331 1377 480 1439 coenobii
515 1377 599 1450 uiro,
630 1395 814 1457 anonyma,
838 1393 948 1456 usque
972 1375 1014 1436 ad
1043 1393 1173 1437 annum

222 1475 452 1538 n.cxu1.suit
476 1477 735 1538 continuatum:
764 1481 896 1556 quanto
919 1493 1001 1537 vero
1026 1472 1173 1535 ulterius

221 1589 262 1633 ac
278 1580 398 1636 nostro
411 1574 538 1636 saeculo
559 1574 703 1635 vicinius
721 1573 781 1635 illa
796 1592 833 1634 se
850 1573 1015 1635 extendat
1026 1571 1173 1635 historia

221 1670 372 1734 incertus
395 1692 483 1747 sum,
501 1680 685 1752 propterea
703 1671 794 1752 quod
820 1670 957 1732 libellus
980 1669 1070 1731 unde
1088 1689 1171 1732 con-

221 1768 423 1833 tinuationis
441 1771 534 1833 illius
554 1790 635 1851 pars
654 1770 857 1843 desumitur,
880 1767 973 1830 aliud
999 1775 1052 1830 est
1077 1767 1171 1849 ejus·

221 1865 298 1928 dem
332 1870 484 1931 auctoris
515 1888 615 1950 opus,
648 1868 708 1932 sed
741 1868 980 1949 imperfectum
1014 1867 1049 1929 in
1081 1866 1170 1930 fine:

220 1982 322 2044 quem
351 1965 506 2029 libellum
534 1967 618 2030 mihi
647 1965 812 2028 utendum
841 1965 984 2028 tradidit
1010 1965 1170 2029 dominus

220 2061 415 2127 Gulielmus
440 2064 667 2139 Lambardus,
692 2064 792 2145 cujus
816 2061 1015 2143 multiplicis
1041 2069 1077 2125 et
1100 2081 1171 2126 nou

220 2161 373 2243 vulgaris
401 2164 602 2227 eruditionis
637 2164 764 2244 passim
789 2168 911 2225 extant
937 2160 1171 2241 pulcherrima

219 2262 430 2324 testimonia.
496 2260 599 2337 Quod
630 2262 741 2324 solum
778 2269 900 2335 restat,
933 2259 1091 2323 hortarer
1120 2266 1170 2336 te,

218 2359 328 2421 amice
364 2358 485 2433 lector,
517 2360 583 2422 uisi
613 2379 654 2422 eo
690 2368 725 2422 te
755 2358 896 2422 duceret
918 2365 1061 2420 naturae
1098 2362 1171 2421 tuae

217 2456 358 2533 candor,
391 2464 430 2519 ut
453 2465 578 2532 errata,
602 2457 792 2538 quaeliuter
822 2454 1062 2519 excudendum
1084 2454 1171 2518 irre-

217 2564 374 2635 pserunt,
391 2554 507 2619 studio
529 2563 565 2618 et
590 2555 712 2618 ardore
737 2574 814 2619 meo
829 2553 986 2636 placendi
1001 2553 1064 2616 tibi
1088 2571 1169 2615 con·

216 2652 345 2717 dones„
388 2652 490 2729 Quod
508 2654 540 2716 si
555 2653 688 2728 seceris,
707 2653 863 2733 sumptui
879 2670 920 2715 ac
937 2670 1052 2732 operae
1069 2669 1168 2726 meae,

216 2750 246 2811 si
270 2770 349 2831 quae
365 2751 442 2827 fuit,
464 2751 598 2814 abunde
622 2752 840 2815 satisfacies:
865 2757 900 2813 et
925 2749 1012 2812 alios
1035 2749 1169 2830 pariter

214 2849 388 2925 incitabis,
413 2857 452 2912 ut
480 2850 651 2931 majorum
676 2860 871 2913 nostrorum
894 2847 1168 2922 lucubrationes,

215 2949 366 3010 tenebris
401 2947 572 3023 obductis,
610 2966 756 3029 quarum
789 2944 1012 3027 quamplures
1050 2943 1167 3007 adhuc

214 3054 346 3121 extant,
365 3046 409 3108 ad
434 3047 607 3127 publicam
630 3047 746 3126 potius
761 3044 949 3107 utilitatem
971 3043 1165 3122 divulgent,

213 3161 316 3222 quam
334 3144 377 3205 ad
393 3163 492 3206 suam
508 3143 725 3223 voluptatem
740 3144 806 3206 sibi
823 3143 1012 3205 detineant.
1059 3139 1161 3210 Vale,

214 3239 357 3304 Calend.
375 3241 469 3321 Aug.
488 3257 646 3304 uuxcn.

427 3633 697 3697 RANULPHI
726 3631 951 3696 HIGDENI

360 3789 397 3828 Dtt
419 3790 579 3830 montanum
600 3788 796 3830 madantum
817 3788 1024 3828 TESTIMONIUM.

263 3930 495 3993 Rnnuuuuus
520 3931 729 4004 Hrcnanus
746 3930 935 3992 monachus
956 3928 1166 4001 Castrensis,

210 4028 244 4090 in
269 4048 332 4092 suo
350 4029 605 4103 Polichronico,
626 4029 685 4091 lib.
704 4030 844 4102 V11.,sic
868 4027 982 4090 habet.
1037 4025 1166 4088 ‘Anno
