3074 4508
338 372 382 436 28
709 385 923 434 cunourcon

337 540 480 619 honore,
508 562 609 625 quem
634 544 665 604 ei
694 562 809 606 comes
833 542 988 615 dederat,
1011 540 1174 622 privavit,
1197 539 1298 603 etde

170 654 299 744 Kl¹¹⁸l¹²¹5
338 638 556 704 Normannia
578 641 725 721 expulit.
787 640 927 703 Interea
959 657 1075 701 mense
1104 638 1202 700 Maio
1232 656 1296 701 rex

167 715 289 841 {i'qiiffl
300 717 322 746 ⁰⁸
336 738 534 803 Scottorum
546 737 755 802 Malcolmus
766 757 843 800 cum
858 757 987 818 magno
999 738 1154 801 exercitu
1166 735 1201 799 N
1203 736 1296 798 orth-

182 813 220 842 Μ
336 838 504 917 ymbriam
534 838 686 915 invasit3
716 838 745 900 si
768 844 959 918 proventus
986 836 1221 911 successisset,
1244 834 1297 896 ul-

336 935 443 997 terius
466 954 704 1015 processurus,
728 942 763 998 et
787 935 856 999 vim
874 934 1016 1016 Angliae
1032 933 1155 996 incolis
1176 931 1295 994 illatu-

335 1050 406 1093 rus.
460 1031 585 1094 Noluit
608 1031 726 1105 Deus;
751 1032 827 1096 ideo
851 1035 895 1096 ab
913 1035 1052 1114 incepto
1075 1037 1129 1093 est
1150 1029 1294 1111 impedi·

335 1136 415 1193 tus:
441 1135 596 1192 attamen
619 1137 805 1210 antequam
829 1131 1002 1204 rediisset,
1025 1130 1100 1213 ejus
1121 1129 1295 1191 exercitus

336 1228 379 1290 de
407 1226 661 1309 Northymbria
694 1247 812 1291 secum
842 1247 912 1291 non
943 1228 1113 1291 modicam
1141 1226 1295 1305 praedam

170 1343 316 1383 williamund
336 1327 493 1390 abduxit.
547 1327 627 1403 Quo
651 1346 713 1390 rex
737 1328 867 1403 audito,
892 1346 971 1390 cum
997 1326 1103 1388 fratre
1126 1343 1189 1387 suo
1208 1324 1295 1387 Rot-

168 1393 249 1431 Robert
273 1404 307 1432 re·

168 1405 292 1490 amal..
336 1425 435 1488 borto
454 1424 557 1487 rediit
573 1424 741 1506 Angliam
758 1445 876 1488 mense
896 1423 1081 1506 August03
1106 1441 1169 1486 uec
1184 1422 1294 1505 multo

168 1492 292 1578 fflsea-
335 1529 426 1602 post,
442 1542 521 1585 cum
537 1523 649 1586 classe
666 1543 736 1587 non
753 1525 890 1587 modica
905 1530 941 1586 et
957 1523 1110 1604 equestri
1125 1521 1293 1596 exercitu,

335 1619 504 1683 Scottiam
521 1622 696 1702 profectus
714 1630 779 1696 est,
796 1629 835 1684 ut
851 1641 968 1701 regem
987 1621 1185 1684 Scottorum
1202 1618 1294 1681 Mal-

167 1733 220 1821 igi
230 1733 297 1773 ortne
335 1717 485 1780 colmum
500 1719 689 1782 debellaret
702 1743 710 1791 ;
731 1719 791 1781 sed
807 1720 1010 1799 priusquam
1024 1719 1107 1779 illuc
1120 1716 1296 1797 pervenis·

219 1810 224 1822 ’
335 1821 401 1890 set,
426 1815 547 1895 paucis
570 1815 691 1877 diebus
714 1823 796 1877 ante
814 1815 1041 1878 festivitatem
1057 1813 1092 1877 S.
1111 1812 1294 1877 Michaelis

337 1907 398 1994 [29
411 1912 539 1993 Sept.],
555 1913 625 1975 fere
644 1921 722 1976 tota
736 1913 894 1976 demersa
910 1921 964 1976 est
978 1913 1112 1989 classis,
1127 1913 1296 1994 multique

334 2010 377 2072 de
389 2011 543 2091 equestri
553 2012 710 2074 exercitu
720 2011 797 2094 ejus
807 2012 899 2074 fame
910 2019 946 2074 et
955 2009 1084 2092 frigore
1095 2012 1271 2093 perierunt
1284 2030 1293 2087 ;

334 2109 392 2171 cni
420 2128 485 2172 rex
514 2108 725 2171 Malcolmus
754 2128 833 2170 oum
863 2108 1022 2171 exercitu
1049 2109 1086 2169 in
1115 2107 1296 2188 provincia

337 2203 471 2268 Loidis¹
487 2206 649 2268 occurrit.
697 2205 801 2281 Quod
818 2205 939 2267 videns
954 2223 1071 2267 comes
1088 2205 1294 2278 Rotbertus,

335 2301 496 2365 clitonem
510 2301 723 2381 Eadgarum,
736 2321 839 2383 quem
854 2321 919 2365 rex
936 2303 980 2365 de
996 2301 1215 2365 Normannia
1231 2320 1294 2365 ex-

334 2399 485 2479 pulerat,
503 2406 539 2462 et
554 2407 638 2463 tunc
656 2419 735 2463 cum
752 2420 835 2481 rege
852 2400 1054 2463 Scottorum
1072 2401 1232 2481 degebat,
1249 2401 1293 2462 ad

170 2511 300 2601 giemo
334 2514 373 2559 se
395 2498 601 2561 accersivit:
626 2497 727 2579 cujus
753 2497 886 2560 auxilio
911 2499 1034 2573 fretuS,
1056 2517 1178 2579 pacem
1200 2498 1293 2560 inter

276 2587 282 2601 ’
335 2614 435 2676 reges
451 2595 545 2670 fecit,
561 2614 603 2658 ea
617 2595 826 2669 conditione,
841 2602 881 2657 ut
890 2595 1081 2669 Willelmo,
1095 2596 1186 2658 sicut
1200 2597 1294 2677 patri

335 2711 400 2756 suo
423 2693 588 2767 obedivit,
607 2692 820 2756 Malcolmus
843 2693 1020 2766 obediret;
1047 2699 1083 2755 et
1104 2691 1294 2757 Malcolmo

334 2806 404 2855 ΧΠ.
427 2790 543 2865 villas,
565 2808 654 2870 quas
677 2791 713 2852 in
740 2789 873 2871 Anglia
897 2792 962 2853 sub
989 2797 1089 2872 patre
1113 2789 1211 2852 illius
1229 2791 1293 2854 ha·

333 2889 470 2964 bnerat,
488 2887 689 2951 Willelmus
712 2888 884 2964 redderet,
908 2895 944 2951 et
967 2905 1036 2951 ΧΗ.
1059 2906 1195 2951 marcas
1218 2889 1294 2951 anri

334 2986 480 3067 singulis
507 2985 605 3050 annis
632 2986 741 3048 daret.
794 2986 862 3048 Sed
886 3005 960 3067 pax
988 2986 1079 3049 inter
1107 3004 1167 3048 eos
1198 2986 1294 3049 sacta
1331 3020 1333 3024 Α

335 3103 403 3146 nou
419 3083 530 3147 multo
543 3091 707 3163 ‚tempore
731 3083 882 3147 duravit.
936 3083 1058 3164 Ipsum
1077 3085 1182 3146 etiam
1204 3083 1295 3147 Ead-

334 3199 458 3260 garum
487 3200 566 3244 cum
605 3201 688 3261 rege
720 3181 897 3244 Willelmo
930 3199 1047 3244 comes
1080 3181 1293 3262 pacificavit.

171 3294 304 3341 Danaen
336 3278 458 3341 Idibus
487 3278 649 3341 Octobris
673 3279 732 3361 [15
758 3277 867 3358 Oct.],
895 3277 982 3341 seria
1009 3285 1148 3359 quarta,
1171 3280 1294 3342 turrim

167 3344 295 3430 mapa-
334 3375 668 3439 Wincelcumbensis
699 3376 855 3438 ecclesiae
888 3376 1075 3438 vehemens
1104 3376 1194 3438 ictus
1225 3377 1293 3439 ful·

168 3440 254 3534 {ilii}
335 3473 435 3534 minis
458 3474 669 3547 concutiens,
694 3473 861 3552 parietem
882 3472 990 3553 juxta
1013 3473 1149 3535 culmen
1176 3474 1290 3555 ample

333 3569 535 3651 perforavit,
553 3588 726 3650 unamque
747 3570 789 3632 de
815 3571 973 3632 trabibus
995 3570 1144 3644 discidit,
1170 3579 1290 3652 caput-

333 3687 401 3748 que
417 3668 580 3747 imaginis
593 3667 724 3730 Christi
741 3667 877 3730 fortiter
891 3686 1093 3748 percussum
1109 3669 1146 3730 in
1165 3677 1292 3732 terram

333 3765 470 3848 dejecit,
504 3773 538 3828 et
571 3785 651 3828 crus
686 3765 762 3846 ejus
791 3765 954 3828 dextrum
984 3766 1098 3847 fregit.
1168 3767 1293 3847 Imago

333 3864 437 3926 etiam
461 3862 496 3927 S.
516 3864 653 3939 Mariae,
681 3882 758 3944 quae
779 3863 886 3944 juxta
907 3882 1046 3928 crucem
1070 3865 1198 3941 stabat,
1219 3866 1291 3928 ictu

509 4065 516 4094 ¹
535 4068 786 4132 Praevalitana]
804 4071 858 4118 The
871 4030 972 4119 district
987 4071 1015 4118 oi
1024 4070 1115 4119 Leeds.
