3074 4508
496 335 690 382 rnoarnrn
716 335 1002 385 wroonnrnrsrs
1188 325 1231 386 87

269 490 420 569 quidem,
454 493 561 554 etiam
598 492 629 553 si
668 492 855 554 canonicus
887 493 1059 573 regularis
1093 495 1140 557 sit
1175 495 1227 556 vol

269 591 472 666 monachuS,
506 591 548 652 ab
585 589 705 652 ordine
738 590 959 671 deponatur-3
999 591 1110 654 laicus
1147 612 1228 656 vero

268 688 373 750 exlex
399 695 434 750 et
457 690 779 752 excommunicatus
805 690 988 766 habeatur,
1009 699 1044 754 et
1071 691 1228 772 ejusdem

268 787 424 849 ccclesiae
442 786 497 848 vel
514 786 672 850 beneficii
689 795 865 867 potestate
882 791 1051 868 privetur.

314 901 351 948 rr.
378 885 540 948 Ordinari
554 905 751 966 quenquam
767 906 827 967 per
838 889 1021 967 pecuniam
1032 888 1067 948 in
1080 888 1228 952 ecclesia

268 982 348 1057 Dei,
365 985 419 1047 vel
440 985 649 1065 promoveri,
667 986 878 1047 auctoritate
899 987 993 1048 sedis
1012 986 1227 1068 apostolica,

240 1076 248 1082 ’
267 1082 379 1145 modis
395 1084 555 1145 omnibns
572 1083 824 1146 interdicimus,

313 1196 364 1241 111.
389 1181 603 1244 Exactiones
630 1190 746 1246 certas
770 1184 996 1263 pecuniarum
1018 1203 1082 1264 pro
1101 1184 1224 1263 recipi-

267 1277 364 1341 endis
395 1281 584 1355 canonicis,
611 1282 802 1354 monachis
828 1290 863 1344 et
888 1282 1226 1357 sanctimonialibus,

267 1378 547 1442 condemnamus,

319 1491 363 1538 ιν.
391 1475 522 1538 Nullus
547 1478 582 1538 in
601 1476 771 1538 decanum
800 1477 867 1538 nisi
893 1479 1088 1558 presbyter,
1108 1478 1224 1540 nullus

266 1573 301 1633 in
340 1575 620 1636 archidiaconum
659 1576 724 1636 nisi
769 1575 937 1638 diaconus
977 1577 1224 1639 constituatur.

267 1671 370 1748 Quod
404 1674 434 1735 si
462 1674 539 1753 quis
569 1672 613 1734 ad
645 1672 708 1734 lros
739 1673 888 1735 honores
921 1674 1012 1734 intra
1039 1675 1224 1753 praedictos

265 1772 405 1834 ordines
416 1773 492 1854 jam
506 1772 709 1850 designatus
722 1779 787 1845 est,
800 1780 984 1833 moneatur
1001 1773 1045 1833 ab
1060 1774 1224 1854 episcopo

265 1869 309 1930 ad
328 1871 467 1932 ordines
484 1870 660 1933 accedere.
708 1869 813 1945 Quod
829 1872 859 1932 si
872 1869 980 1950 juxta
997 1871 1224 1933 monitionem

265 1967 419 2048 episcopi
442 1968 596 2031 ordinari
620 1969 798 2046 refugerit,
823 1968 956 2041 eadem,
974 1968 1018 2030 ad
1039 1987 1144 2048 quam
1168 1971 1223 2033 de·

264 2065 426 2144 signatus
442 2063 569 2139 suerat,
587 2072 708 2127 careat
723 2065 907 2145 dignitate.

314 2181 345 2223 ν.
386 2163 620 2245 PresbyteriS,
648 2163 862 2238 diaconibus,
885 2163 1167 2241 subdiaconibus,
1187 2173 1223 2230 et

264 2263 422 2324 omnibus
448 2263 636 2336 canoniciS,
665 2263 891 2325 contubernia
913 2263 1097 2326 mulierum
1125 2263 1224 2326 illici·
1252 2318 1258 2328 .

264 2366 377 2421 tarum
394 2361 533 2439 penitus
545 2360 792 2422 interdicimus.
846 2360 951 2437 Quod
963 2363 994 2424 si
1011 2362 1224 2436 concubinis,

263 2457 355 2536 quod
377 2459 481 2535 absit,
500 2457 555 2519 vel
580 2458 788 2539 conjugibus
813 2457 1034 2535 adhaeserint,
1057 2459 1221 2521 ecclesia·

263 2556 350 2619 stico
369 2557 551 2637 priventur
565 2554 699 2631 ordine,
717 2556 858 2631 honore,
875 2556 978 2619 simul
995 2564 1031 2620 et
1044 2556 1221 2620 beneficio.

264 2652 494 2736 Presbyteros
508 2673 589 2717 vero
605 2655 835 2734 parochiales,
853 2656 959 2736 siqui
975 2655 1064 2717 tales
1081 2653 1221 2729 suerint,

261 2759 364 2815 extra
386 2753 529 2816 chorum
552 2753 722 2833 ejicimus,
746 2760 782 2816 et
806 2753 952 2816 infames
974 2772 1050 2816 esse
1067 2753 1223 2816 decerni-

261 2869 349 2914 mus.
409 2851 673 2916 Archidiaconis
703 2869 787 2914 vero
820 2858 855 2914 et
885 2852 1065 2927 ministris,
1096 2852 1222 2932 quibus

262 2948 327 3012 hoc
343 2950 524 3025 incumbit,
541 2949 753 3012 auctoritate
775 2949 845 3012 Dei
865 2956 900 3012 et
918 2957 1039 3012 nostra
1062 2950 1221 3031 praecipi·

261 3066 350 3122 mus,
365 3055 405 3110 ut
420 3049 513 3111 omni
530 3047 648 3109 studio
665 3054 702 3109 et
714 3046 947 3110 sollicitudine
966 3057 1154 3128 procurent
1176 3050 1220 3110 ab
1297 3113 1301 3119 ,

261 3144 408 3207 ecclesia
435 3147 504 3209 Dei
529 3145 618 3207 hanc
646 3145 832 3224 perniciem
862 3146 999 3208 omnino
1033 3145 1219 3208 eradicare.

264 3242 366 3318 Quod
384 3244 413 3305 si
434 3244 493 3325 qui
517 3243 553 3304 in
579 3241 645 3304 hoc
662 3241 893 3323 negligentes,
912 3243 980 3318 vel,
999 3244 1091 3322 quod
1116 3246 1220 3320 absit,

261 3342 516 3404 consentientes
543 3342 679 3403 inventi
705 3340 846 3415 fuerint,
868 3342 979 3421 primo
1005 3347 1041 3403 et
1067 3343 1220 3405 secundo

262 3441 305 3501 ab
346 3440 518 3520 episcopis
567 3439 672 3518 digne
715 3440 945 3518 corrigantur,
992 3440 1096 3502 tertio
1136 3459 1219 3503 vero

261 3539 425 3600 canonice
440 3537 593 3600 severius
611 3537 853 3617 corripiantur.

312 3650 360 3696 vr.
378 3635 589 3699 Concubiuae
600 3651 684 3697 vero
694 3637 974 3717 presbyterorum
989 3644 1023 3698 et
1034 3636 1218 3697 canonico·

261 3751 349 3806 rum,
368 3734 434 3794 nisi
452 3734 500 3794 ihi
517 3733 673 3812 legitime
691 3735 883 3815 nupserint,
903 3741 1004 3796 extra
1018 3732 1216 3814 parochiam

261 3830 494 3910 expellantur.
548 3829 651 3905 Quod
672 3832 702 3891 si
718 3841 842 3912 postea
860 3832 1050 3912 culpabiles
1068 3831 1219 3892 inventae

261 3929 400 4002 fuerint,
417 3929 452 3990 in
471 3928 710 4010 cujuscunque
727 3930 903 3990 territorio
913 3929 997 4002 sint,
1014 3946 1036 3988 a
1054 3929 1220 3990 ministris

261 4027 417 4090 ecclesiae
450 4027 644 4107 capiantur,
676 4034 710 4089 et
755 4028 819 4088 sub
863 4025 1221 4089 excommunicatione
