<?xml version="1.0" encoding="UTF-8"?>
<!DOCTYPE html PUBLIC "-//W3C//DTD XHTML 1.0 Transitional//EN"
    "http://www.w3.org/TR/xhtml1/DTD/xhtml1-transitional.dtd">
<html xmlns="http://www.w3.org/1999/xhtml" xml:lang="en" lang="en">
 <head>
  <title>
</title>
<meta http-equiv="Content-Type" content="text/html;charset=utf-8" />
  <meta name='ocr-system' content='tesseract 3.04.00' />
  <meta name='ocr-capabilities' content='ocr_page ocr_carea ocr_par ocr_line ocrx_word'/>
</head>
<body>
  <div class='ocr_page' id='page_1' title='image "./florentiiwigorn01florgoog_0301.png"; bbox 0 0 3074 4508; ppageno 0'>
   <div class='ocr_carea' id='block_1_1' title="bbox 370 317 1077 379">
    <p class='ocr_par' dir='ltr' id='par_1_1' title="bbox 370 317 1077 379">
     <span class='ocr_line' id='line_1_1' title="bbox 370 317 1077 379; baseline -0.003 0"><span class='ocrx_word' id='word_1_1' title='bbox 370 317 437 379; x_wconf 70' lang='lat' dir='ltr'><strong>ato</strong></span> <span class='ocrx_word' id='word_1_2' title='bbox 623 330 874 376; x_wconf 79' lang='lat' dir='ltr'><strong>conrinunrro</strong></span> <span class='ocrx_word' id='word_1_3' title='bbox 902 330 1077 377; x_wconf 76' lang='lat' dir='ltr'><strong>canonici</strong></span> 
     </span>
    </p>
   </div>
   <div class='ocr_carea' id='block_1_2' title="bbox 206 488 1430 2240">
    <p class='ocr_par' dir='ltr' id='par_1_2' title="bbox 209 488 1332 569">
     <span class='ocr_line' id='line_1_2' title="bbox 209 488 1332 569; baseline -0.008 -14"><span class='ocrx_word' id='word_1_4' title='bbox 209 506 341 568; x_wconf 69' lang='lat' dir='ltr'><strong>{forevens—</strong></span> <span class='ocrx_word' id='word_1_5' title='bbox 417 488 630 552; x_wconf 83' lang='lat' dir='ltr'><strong>Caelestinus</strong></span> <span class='ocrx_word' id='word_1_6' title='bbox 662 506 764 569; x_wconf 87' lang='lat' dir='ltr'><strong>papa,</strong></span> <span class='ocrx_word' id='word_1_7' title='bbox 795 495 909 549; x_wconf 88' lang='lat' dir='ltr'><strong>statas</strong></span> <span class='ocrx_word' id='word_1_8' title='bbox 936 496 970 549; x_wconf 87' lang='lat' dir='ltr'><strong>et</strong></span> <span class='ocrx_word' id='word_1_9' title='bbox 1005 488 1119 549; x_wconf 76' lang='lat' dir='ltr'><strong>aetatis</strong></span> <span class='ocrx_word' id='word_1_10' title='bbox 1147 504 1220 548; x_wconf 84' lang='lat' dir='ltr'><strong>suae</strong></span> <span class='ocrx_word' id='word_1_11' title='bbox 1247 502 1332 547; x_wconf 89' lang='lat' dir='ltr'><strong>con-</strong></span> 
     </span>
    </p>

    <p class='ocr_par' dir='ltr' id='par_1_3' title="bbox 206 556 1430 2141">
     <span class='ocr_line' id='line_1_3' title="bbox 206 556 1329 667; baseline 0 -22"><span class='ocrx_word' id='word_1_12' title='bbox 206 556 320 646; x_wconf 55' lang='lat' dir='ltr'><strong>illicia..</strong></span> <span class='ocrx_word' id='word_1_13' title='bbox 371 588 527 651; x_wconf 89' lang='lat' dir='ltr'><strong>siderans</strong></span> <span class='ocrx_word' id='word_1_14' title='bbox 555 587 805 667; x_wconf 84' lang='lat' dir='ltr'><strong>impotentiam,</strong></span> <span class='ocrx_word' id='word_1_15' title='bbox 838 591 1008 648; x_wconf 87' lang='lat' dir='ltr'><strong>statutum</strong></span> <span class='ocrx_word' id='word_1_16' title='bbox 1039 584 1157 661; x_wconf 85' lang='lat' dir='ltr'><strong>edidit,</strong></span> <span class='ocrx_word' id='word_1_17' title='bbox 1182 590 1217 647; x_wconf 88' lang='lat' dir='ltr'><strong>et</strong></span> <span class='ocrx_word' id='word_1_18' title='bbox 1246 600 1329 645; x_wconf 83' lang='lat' dir='ltr'><strong>niox</strong></span> 
     </span>
     <span class='ocr_line' id='line_1_4' title="bbox 373 682 1331 765; baseline -0.005 -17"><span class='ocrx_word' id='word_1_19' title='bbox 373 706 395 748; x_wconf 89' lang='lat' dir='ltr'><strong>a</strong></span> <span class='ocrx_word' id='word_1_20' title='bbox 417 686 581 748; x_wconf 82' lang='lat' dir='ltr'><strong>iratribus</strong></span> <span class='ocrx_word' id='word_1_21' title='bbox 608 683 794 764; x_wconf 88' lang='lat' dir='ltr'><strong>approbari</strong></span> <span class='ocrx_word' id='word_1_22' title='bbox 817 684 1028 765; x_wconf 85' lang='lat' dir='ltr'>procuravit,</span> <span class='ocrx_word' id='word_1_23' title='bbox 1053 683 1144 764; x_wconf 92' lang='lat' dir='ltr'><strong>quod</strong></span> <span class='ocrx_word' id='word_1_24' title='bbox 1169 682 1331 746; x_wconf 87' lang='lat' dir='ltr'><strong>Romano</strong></span> 
     </span>
     <span class='ocr_line' id='line_1_5' title="bbox 374 781 1331 864; baseline -0.003 -20"><span class='ocrx_word' id='word_1_25' title='bbox 374 782 538 864; x_wconf 84' lang='lat' dir='ltr'><strong>pontilici,</strong></span> <span class='ocrx_word' id='word_1_26' title='bbox 552 782 612 863; x_wconf 91' lang='lat' dir='ltr'><strong>qui</strong></span> <span class='ocrx_word' id='word_1_27' title='bbox 626 799 689 861; x_wconf 90' lang='lat' dir='ltr'><strong>pro</strong></span> <span class='ocrx_word' id='word_1_28' title='bbox 703 791 856 863; x_wconf 85' lang='lat' dir='ltr'><strong>tempore</strong></span> <span class='ocrx_word' id='word_1_29' title='bbox 869 783 983 858; x_wconf 83' lang='lat' dir='ltr'><strong>luerit,</strong></span> <span class='ocrx_word' id='word_1_30' title='bbox 999 783 1028 845; x_wconf 92' lang='lat' dir='ltr'><strong>si</strong></span> <span class='ocrx_word' id='word_1_31' title='bbox 1039 782 1106 845; x_wconf 84' lang='lat' dir='ltr'><strong>sibi</strong></span> <span class='ocrx_word' id='word_1_32' title='bbox 1120 781 1205 845; x_wconf 89' lang='lat' dir='ltr'><strong>utile</strong></span> <span class='ocrx_word' id='word_1_33' title='bbox 1218 781 1331 843; x_wconf 86' lang='lat' dir='ltr'><strong>visum</strong></span> 
     </span>
     <span class='ocr_line' id='line_1_6' title="bbox 374 880 1430 961; baseline -0.003 -18"><span class='ocrx_word' id='word_1_34' title='bbox 374 881 478 944; x_wconf 87' lang='lat' dir='ltr'><strong>fuerit</strong></span> <span class='ocrx_word' id='word_1_35' title='bbox 504 891 540 942; x_wconf 90' lang='lat' dir='ltr'><strong>ct</strong></span> <span class='ocrx_word' id='word_1_36' title='bbox 573 888 816 960; x_wconf 88' lang='lat' dir='ltr'><strong>opportunum,</strong></span> <span class='ocrx_word' id='word_1_37' title='bbox 848 899 918 941; x_wconf 79' lang='lat' dir='ltr'><strong>sua</strong></span> <span class='ocrx_word' id='word_1_38' title='bbox 950 881 1112 961; x_wconf 77' lang='lat' dir='ltr'>dignitati</span> <span class='ocrx_word' id='word_1_39' title='bbox 1143 880 1332 961; x_wconf 84' lang='lat' dir='ltr'><strong>resignare,</strong></span> <span class='ocrx_word' id='word_1_40' title='bbox 1427 888 1430 895; x_wconf 87' lang='lat'>&#39;</span> 
     </span>
     <span class='ocr_line' id='line_1_7' title="bbox 376 978 1332 1059; baseline -0.004 -18"><span class='ocrx_word' id='word_1_41' title='bbox 376 989 411 1041; x_wconf 87' lang='lat' dir='ltr'><strong>et</strong></span> <span class='ocrx_word' id='word_1_42' title='bbox 435 979 478 1040; x_wconf 90' lang='lat' dir='ltr'><strong>ad</strong></span> <span class='ocrx_word' id='word_1_43' title='bbox 498 979 656 1041; x_wconf 86' lang='lat' dir='ltr'><strong>arctioris</strong></span> <span class='ocrx_word' id='word_1_44' title='bbox 678 978 828 1039; x_wconf 86' lang='lat' dir='ltr'><strong>instituti</strong></span> <span class='ocrx_word' id='word_1_45' title='bbox 853 978 1200 1059; x_wconf 86' lang='lat' dir='ltr'><strong>contemplationisve</strong></span> <span class='ocrx_word' id='word_1_46' title='bbox 1222 978 1332 1041; x_wconf 89' lang='lat' dir='ltr'><strong>otium</strong></span> 
     </span>
     <span class='ocr_line' id='line_1_8' title="bbox 376 1075 1333 1156; baseline -0.001 -18"><span class='ocrx_word' id='word_1_47' title='bbox 376 1078 451 1138; x_wconf 90' lang='lat' dir='ltr'><strong>sive</strong></span> <span class='ocrx_word' id='word_1_48' title='bbox 484 1079 638 1156; x_wconf 86' lang='lat' dir='ltr'><strong>requiem</strong></span> <span class='ocrx_word' id='word_1_49' title='bbox 677 1076 757 1138; x_wconf 89' lang='lat' dir='ltr'><strong>licet</strong></span> <span class='ocrx_word' id='word_1_50' title='bbox 792 1076 1050 1156; x_wconf 81' lang='lat' dir='ltr'><strong>transmigrare.</strong></span> <span class='ocrx_word' id='word_1_51' title='bbox 1113 1075 1193 1154; x_wconf 83' lang='lat' dir='ltr'><strong>Quo</strong></span> <span class='ocrx_word' id='word_1_52' title='bbox 1228 1075 1333 1149; x_wconf 86' lang='lat' dir='ltr'><strong>sacto,</strong></span> 
     </span>
     <span class='ocr_line' id='line_1_9' title="bbox 378 1172 1334 1255; baseline -0.002 -17"><span class='ocrx_word' id='word_1_53' title='bbox 378 1194 537 1254; x_wconf 86' lang='lat' dir='ltr'><strong>comper</strong></span> <span class='ocrx_word' id='word_1_54' title='bbox 561 1191 594 1236; x_wconf 88' lang='grc' dir='ltr'><strong>ν.</strong></span> <span class='ocrx_word' id='word_1_55' title='bbox 612 1193 757 1248; x_wconf 91' lang='lat' dir='ltr'><strong>menses,</strong></span> <span class='ocrx_word' id='word_1_56' title='bbox 775 1183 810 1236; x_wconf 89' lang='lat' dir='ltr'><strong>et</strong></span> <span class='ocrx_word' id='word_1_57' title='bbox 837 1175 911 1238; x_wconf 91' lang='lat' dir='ltr'><strong>dies</strong></span> <span class='ocrx_word' id='word_1_58' title='bbox 938 1190 1033 1250; x_wconf 72' lang='lat' dir='ltr'><strong>xxa,</strong></span> <span class='ocrx_word' id='word_1_59' title='bbox 1047 1176 1172 1237; x_wconf 91' lang='lat' dir='ltr'><strong>summi</strong></span> <span class='ocrx_word' id='word_1_60' title='bbox 1196 1172 1334 1255; x_wconf 90' lang='lat' dir='ltr'><strong>pontifi·</strong></span> 
     </span>
     <span class='ocr_line' id='line_1_10' title="bbox 379 1271 1335 1354; baseline 0 -19"><span class='ocrx_word' id='word_1_61' title='bbox 379 1282 478 1336; x_wconf 88' lang='lat' dir='ltr'><strong>catus</strong></span> <span class='ocrx_word' id='word_1_62' title='bbox 501 1274 636 1354; x_wconf 83' lang='lat' dir='ltr'><strong>apicem</strong></span> <span class='ocrx_word' id='word_1_63' title='bbox 653 1273 894 1351; x_wconf 80' lang='lat' dir='ltr'><strong>gubernasset,</strong></span> <span class='ocrx_word' id='word_1_64' title='bbox 916 1271 971 1335; x_wconf 88' lang='lat' dir='ltr'><strong>die</strong></span> <span class='ocrx_word' id='word_1_65' title='bbox 994 1273 1030 1336; x_wconf 90' lang='lat' dir='ltr'><strong>S.</strong></span> <span class='ocrx_word' id='word_1_66' title='bbox 1047 1273 1165 1337; x_wconf 86' lang='lat' dir='ltr'><strong>Luciae</strong></span> <span class='ocrx_word' id='word_1_67' title='bbox 1179 1272 1335 1353; x_wconf 73' lang='lat' dir='ltr'><strong>Virginis</strong></span> 
     </span>
     <span class='ocr_line' id='line_1_11' title="bbox 379 1370 1335 1453; baseline -0.001 -19"><span class='ocrx_word' id='word_1_68' title='bbox 379 1371 439 1452; x_wconf 84' lang='lat'><strong>[13</strong></span> <span class='ocrx_word' id='word_1_69' title='bbox 461 1372 580 1452; x_wconf 88' lang='lat' dir='ltr'><strong>Dec.]‚</strong></span> <span class='ocrx_word' id='word_1_70' title='bbox 604 1371 696 1451; x_wconf 91' lang='lat' dir='ltr'><strong>apud</strong></span> <span class='ocrx_word' id='word_1_71' title='bbox 720 1370 917 1451; x_wconf 89' lang='lat' dir='ltr'><strong>Neapolim,</strong></span> <span class='ocrx_word' id='word_1_72' title='bbox 939 1372 1033 1436; x_wconf 85' lang='lat' dir='ltr'><strong>sacta</strong></span> <span class='ocrx_word' id='word_1_73' title='bbox 1059 1373 1154 1453; x_wconf 88' lang='lat' dir='ltr'><strong>prius</strong></span> <span class='ocrx_word' id='word_1_74' title='bbox 1178 1370 1335 1451; x_wconf 86' lang='lat' dir='ltr'><strong>resigna·</strong></span> 
     </span>
     <span class='ocr_line' id='line_1_12' title="bbox 380 1469 1336 1552; baseline -0.002 -19"><span class='ocrx_word' id='word_1_75' title='bbox 380 1472 485 1545; x_wconf 89' lang='lat' dir='ltr'><strong>tione,</strong></span> <span class='ocrx_word' id='word_1_76' title='bbox 506 1471 548 1532; x_wconf 87' lang='lat' dir='ltr'><strong>ad</strong></span> <span class='ocrx_word' id='word_1_77' title='bbox 574 1471 737 1532; x_wconf 88' lang='lat' dir='ltr'><strong>dilectum</strong></span> <span class='ocrx_word' id='word_1_78' title='bbox 763 1470 828 1533; x_wconf 90' lang='lat' dir='ltr'><strong>sibi</strong></span> <span class='ocrx_word' id='word_1_79' title='bbox 854 1490 927 1533; x_wconf 87' lang='lat' dir='ltr'><strong>suac</strong></span> <span class='ocrx_word' id='word_1_80' title='bbox 955 1471 1110 1552; x_wconf 82' lang='lat' dir='ltr'><strong>pristinae</strong></span> <span class='ocrx_word' id='word_1_81' title='bbox 1137 1469 1336 1533; x_wconf 86' lang='lat' dir='ltr'><strong>solitudinis</strong></span> 
     </span>
     <span class='ocr_line' id='line_1_13' title="bbox 379 1568 1335 1648; baseline 0 -17"><span class='ocrx_word' id='word_1_82' title='bbox 379 1571 492 1631; x_wconf 92' lang='lat' dir='ltr'><strong>locum</strong></span> <span class='ocrx_word' id='word_1_83' title='bbox 512 1571 689 1631; x_wconf 88' lang='lat' dir='ltr'><strong>remeavit.</strong></span> <span class='ocrx_word' id='word_1_84' title='bbox 742 1568 794 1630; x_wconf 90' lang='lat' dir='ltr'><strong>Eo</strong></span> <span class='ocrx_word' id='word_1_85' title='bbox 817 1569 926 1648; x_wconf 87' lang='lat' dir='ltr'><strong>igitur</strong></span> <span class='ocrx_word' id='word_1_86' title='bbox 949 1572 999 1632; x_wconf 90' lang='lat' dir='ltr'><strong>sic</strong></span> <span class='ocrx_word' id='word_1_87' title='bbox 1021 1570 1176 1645; x_wconf 83' lang='lat' dir='ltr'><strong>cedente,</strong></span> <span class='ocrx_word' id='word_1_88' title='bbox 1198 1569 1335 1632; x_wconf 88' lang='lat' dir='ltr'><strong>vacavit</strong></span> 
     </span>
     <span class='ocr_line' id='line_1_14' title="bbox 378 1664 1336 1747; baseline 0.002 -20"><span class='ocrx_word' id='word_1_89' title='bbox 378 1666 477 1728; x_wconf 90' lang='lat' dir='ltr'><strong>sedes</strong></span> <span class='ocrx_word' id='word_1_90' title='bbox 497 1667 660 1729; x_wconf 90' lang='lat' dir='ltr'><strong>Romana</strong></span> <span class='ocrx_word' id='word_1_91' title='bbox 682 1664 802 1726; x_wconf 91' lang='lat' dir='ltr'><strong>diebus</strong></span> <span class='ocrx_word' id='word_1_92' title='bbox 819 1682 872 1728; x_wconf 80' lang='lat' dir='ltr'><strong>xn</strong></span> <span class='ocrx_word' id='word_1_93' title='bbox 927 1667 1116 1729; x_wconf 91' lang='lat' dir='ltr'><strong>Undecimo</strong></span> <span class='ocrx_word' id='word_1_94' title='bbox 1141 1669 1247 1747; x_wconf 89' lang='lat' dir='ltr'><strong>igitur</strong></span> <span class='ocrx_word' id='word_1_95' title='bbox 1268 1666 1336 1740; x_wconf 91' lang='lat' dir='ltr'><strong>die,</strong></span> 
     </span>
     <span class='ocr_line' id='line_1_15' title="bbox 381 1761 1337 1846; baseline 0 -21"><span class='ocrx_word' id='word_1_96' title='bbox 381 1763 668 1842; x_wconf 86' lang='lat' dir='ltr'><strong>vigiliaridelicet</strong></span> <span class='ocrx_word' id='word_1_97' title='bbox 680 1761 820 1825; x_wconf 88' lang='lat' dir='ltr'><strong>Natalis</strong></span> <span class='ocrx_word' id='word_1_98' title='bbox 828 1762 969 1825; x_wconf 89' lang='lat' dir='ltr'><strong>Domini</strong></span> <span class='ocrx_word' id='word_1_99' title='bbox 980 1766 1137 1845; x_wconf 85' lang='lat' dir='ltr'><strong>proximo</strong></span> <span class='ocrx_word' id='word_1_100' title='bbox 1148 1764 1337 1846; x_wconf 90' lang='lat' dir='ltr'><strong>sequentis,</strong></span> 
     </span>
     <span class='ocr_line' id='line_1_16' title="bbox 380 1861 1339 1944; baseline 0.001 -20"><span class='ocrx_word' id='word_1_101' title='bbox 380 1862 511 1925; x_wconf 89' lang='lat' dir='ltr'><strong>electus</strong></span> <span class='ocrx_word' id='word_1_102' title='bbox 554 1869 609 1923; x_wconf 88' lang='lat' dir='ltr'><strong>est</strong></span> <span class='ocrx_word' id='word_1_103' title='bbox 646 1861 805 1924; x_wconf 93' lang='lat' dir='ltr'><strong>dominus</strong></span> <span class='ocrx_word' id='word_1_104' title='bbox 846 1861 1056 1925; x_wconf 86' lang='lat' dir='ltr'><strong>Benedictus</strong></span> <span class='ocrx_word' id='word_1_105' title='bbox 1092 1861 1135 1925; x_wconf 89' lang='lat' dir='ltr'><strong>de</strong></span> <span class='ocrx_word' id='word_1_106' title='bbox 1174 1862 1339 1944; x_wconf 84' lang='lat' dir='ltr'><strong>Anagnia</strong></span> 
     </span>
     <span class='ocr_line' id='line_1_17' title="bbox 381 1958 1338 2034; baseline 0.002 -12"><span class='ocrx_word' id='word_1_107' title='bbox 381 1960 559 2034; x_wconf 92' lang='lat' dir='ltr'><strong>oriundus,</strong></span> <span class='ocrx_word' id='word_1_108' title='bbox 589 1959 681 2022; x_wconf 88' lang='lat' dir='ltr'><strong>tituli</strong></span> <span class='ocrx_word' id='word_1_109' title='bbox 706 1958 742 2022; x_wconf 90' lang='lat' dir='ltr'><strong>S.</strong></span> <span class='ocrx_word' id='word_1_110' title='bbox 763 1958 927 2024; x_wconf 83' lang='lat' dir='ltr'><strong>Nicholai</strong></span> <span class='ocrx_word' id='word_1_111' title='bbox 954 1960 1338 2025; x_wconf 85' lang='lat' dir='ltr'><strong>in·Carcere·Tulliano</strong></span> 
     </span>
     <span class='ocr_line' id='line_1_18' title="bbox 382 2053 1286 2141; baseline 0.002 -20"><span class='ocrx_word' id='word_1_112' title='bbox 382 2059 549 2121; x_wconf 90' lang='lat' dir='ltr'><strong>diaconus</strong></span> <span class='ocrx_word' id='word_1_113' title='bbox 566 2058 764 2133; x_wconf 90' lang='lat' dir='ltr'><strong>cardinalis,</strong></span> <span class='ocrx_word' id='word_1_114' title='bbox 781 2059 965 2141; x_wconf 87' lang='lat' dir='ltr'><strong>dictusque</strong></span> <span class='ocrx_word' id='word_1_115' title='bbox 984 2067 1036 2123; x_wconf 92' lang='lat' dir='ltr'><strong>est</strong></span> <span class='ocrx_word' id='word_1_116' title='bbox 1054 2060 1144 2124; x_wconf 91' lang='lat' dir='ltr'><strong>Boni</strong></span> <span class='ocrx_word' id='word_1_117' title='bbox 1157 2106 1273 2125; x_wconf 88' lang='grc'><strong>.....</strong></span> <span class='ocrx_word' id='word_1_118' title='bbox 1277 2053 1286 2092; x_wconf 84' lang='lat'><strong>¹</strong></span> 
     </span>
    </p>

    <p class='ocr_par' dir='ltr' id='par_1_4' title="bbox 227 2156 1340 2240">
     <span class='ocr_line' id='line_1_19' title="bbox 227 2156 1340 2240; baseline 0.003 -22"><span class='ocrx_word' id='word_1_119' title='bbox 227 2173 287 2213; x_wconf 73' lang='lat' dir='ltr'><strong>aa.</strong></span> <span class='ocrx_word' id='word_1_120' title='bbox 297 2173 355 2213; x_wconf 77' lang='lat'><strong>12⁹⁵.</strong></span> <span class='ocrx_word' id='word_1_121' title='bbox 433 2158 515 2220; x_wconf 94' lang='lat' dir='ltr'><strong>Hoc</strong></span> <span class='ocrx_word' id='word_1_122' title='bbox 528 2176 633 2230; x_wconf 89' lang='lat' dir='ltr'><strong>anno,</strong></span> <span class='ocrx_word' id='word_1_123' title='bbox 645 2157 816 2219; x_wconf 90' lang='lat' dir='ltr'><strong>Dominus</strong></span> <span class='ocrx_word' id='word_1_124' title='bbox 828 2176 931 2239; x_wconf 89' lang='lat' dir='ltr'><strong>papa,</strong></span> <span class='ocrx_word' id='word_1_125' title='bbox 947 2176 1009 2240; x_wconf 89' lang='lat' dir='ltr'><strong>pro</strong></span> <span class='ocrx_word' id='word_1_126' title='bbox 1022 2177 1108 2239; x_wconf 89' lang='lat' dir='ltr'><strong>pace</strong></span> <span class='ocrx_word' id='word_1_127' title='bbox 1121 2156 1340 2221; x_wconf 85' lang='lat' dir='ltr'><strong>reformanda</strong></span> 
     </span>
    </p>
   </div>
   <div class='ocr_carea' id='block_1_3' title="bbox 215 2238 1341 2336">
    <p class='ocr_par' dir='ltr' id='par_1_5' title="bbox 215 2238 1341 2336">
     <span class='ocr_line' id='line_1_20' title="bbox 215 2238 1341 2336; baseline 0.004 -21"><span class='ocrx_word' id='word_1_128' title='bbox 215 2238 473 2327; x_wconf 58' lang='lat' dir='ltr'><strong>{lfflffiminter</strong></span> <span class='ocrx_word' id='word_1_129' title='bbox 496 2273 596 2334; x_wconf 88' lang='lat' dir='ltr'><strong>reges</strong></span> <span class='ocrx_word' id='word_1_130' title='bbox 627 2264 663 2316; x_wconf 89' lang='lat' dir='ltr'><strong>et</strong></span> <span class='ocrx_word' id='word_1_131' title='bbox 686 2272 794 2332; x_wconf 90' lang='lat' dir='ltr'><strong>regna</strong></span> <span class='ocrx_word' id='word_1_132' title='bbox 822 2254 963 2336; x_wconf 82' lang='lat' dir='ltr'><strong>Angliae</strong></span> <span class='ocrx_word' id='word_1_133' title='bbox 989 2263 1025 2318; x_wconf 89' lang='lat' dir='ltr'><strong>et</strong></span> <span class='ocrx_word' id='word_1_134' title='bbox 1052 2256 1222 2332; x_wconf 87' lang='lat' dir='ltr'><strong>Franciae,</strong></span> <span class='ocrx_word' id='word_1_135' title='bbox 1246 2256 1341 2319; x_wconf 91' lang='lat' dir='ltr'><strong>misit</strong></span> 
     </span>
    </p>
   </div>
   <div class='ocr_carea' id='block_1_4' title="bbox 217 2337 344 2376">
    <p class='ocr_par' dir='ltr' id='par_1_6' title="bbox 217 2337 344 2376">
     <span class='ocr_line' id='line_1_21' title="bbox 217 2337 344 2376; baseline 0 -2"><span class='ocrx_word' id='word_1_136' title='bbox 217 2348 239 2376; x_wconf 86' lang='lat' dir='ltr'><strong>ro</strong></span> <span class='ocrx_word' id='word_1_137' title='bbox 248 2337 344 2375; x_wconf 78' lang='lat' dir='ltr'><strong>mediate</strong></span> 
     </span>
    </p>
   </div>
   <div class='ocr_carea' id='block_1_5' title="bbox 160 2350 1343 3219">
    <p class='ocr_par' dir='ltr' id='par_1_7' title="bbox 160 2350 1342 2633">
     <span class='ocr_line' id='line_1_22' title="bbox 160 2350 1341 2436; baseline 0.003 -23"><span class='ocrx_word' id='word_1_138' title='bbox 160 2382 165 2393; x_wconf 95' lang='lat'><em>·</em></span> <span class='ocrx_word' id='word_1_139' title='bbox 217 2387 361 2426; x_wconf 58' lang='lat' dir='ltr'><strong>mm,</strong></span> <span class='ocrx_word' id='word_1_140' title='bbox 383 2353 470 2415; x_wconf 90' lang='lat' dir='ltr'><strong>duos</strong></span> <span class='ocrx_word' id='word_1_141' title='bbox 498 2351 693 2414; x_wconf 89' lang='lat' dir='ltr'><strong>cardinales</strong></span> <span class='ocrx_word' id='word_1_142' title='bbox 720 2353 755 2413; x_wconf 94' lang='lat' dir='ltr'><strong>in</strong></span> <span class='ocrx_word' id='word_1_143' title='bbox 785 2350 965 2432; x_wconf 78' lang='lat' dir='ltr'><strong>Angliam,</strong></span> <span class='ocrx_word' id='word_1_144' title='bbox 991 2355 1085 2417; x_wconf 85' lang='lat' dir='ltr'><strong>viros</strong></span> <span class='ocrx_word' id='word_1_145' title='bbox 1112 2353 1341 2436; x_wconf 90' lang='lat' dir='ltr'><strong>proculdubio</strong></span> 
     </span>
     <span class='ocr_line' id='line_1_23' title="bbox 217 2436 1340 2534; baseline 0.003 -22"><span class='ocrx_word' id='word_1_146' title='bbox 217 2436 318 2534; x_wconf 56' lang='lat' dir='ltr'><strong>{liiii</strong></span> <span class='ocrx_word' id='word_1_147' title='bbox 384 2452 476 2514; x_wconf 92' lang='lat' dir='ltr'><strong>omni</strong></span> <span class='ocrx_word' id='word_1_148' title='bbox 507 2450 680 2530; x_wconf 89' lang='lat' dir='ltr'><strong>sapientia</strong></span> <span class='ocrx_word' id='word_1_149' title='bbox 711 2457 746 2512; x_wconf 89' lang='lat' dir='ltr'><strong>et</strong></span> <span class='ocrx_word' id='word_1_150' title='bbox 773 2449 958 2530; x_wconf 88' lang='lat' dir='ltr'><strong>prudentia</strong></span> <span class='ocrx_word' id='word_1_151' title='bbox 988 2471 1142 2532; x_wconf 89' lang='lat' dir='ltr'><strong>gnavos;</strong></span> <span class='ocrx_word' id='word_1_152' title='bbox 1175 2454 1236 2534; x_wconf 93' lang='lat' dir='ltr'><strong>qui</strong></span> <span class='ocrx_word' id='word_1_153' title='bbox 1258 2461 1340 2516; x_wconf 88' lang='lat' dir='ltr'><strong>ante</strong></span> 
     </span>
     <span class='ocr_line' id='line_1_24' title="bbox 218 2535 1342 2633; baseline 0.005 -24"><span class='ocrx_word' id='word_1_154' title='bbox 218 2536 259 2573; x_wconf 69' lang='lat'><strong>⁸¹¹⁶</strong></span> <span class='ocrx_word' id='word_1_155' title='bbox 271 2535 359 2573; x_wconf 62' lang='lat'><strong>‘&#39;⁸¹¹⁰‘&#39;</strong></span> <span class='ocrx_word' id='word_1_156' title='bbox 382 2549 509 2612; x_wconf 87' lang='lat' dir='ltr'><strong>festum</strong></span> <span class='ocrx_word' id='word_1_157' title='bbox 523 2548 559 2612; x_wconf 88' lang='lat' dir='ltr'><strong>S.</strong></span> <span class='ocrx_word' id='word_1_158' title='bbox 573 2547 902 2612; x_wconf 89' lang='lat' dir='ltr'><strong>Petri-ad-Vincula</strong></span> <span class='ocrx_word' id='word_1_159' title='bbox 916 2551 953 2632; x_wconf 94' lang='lat' dir='ltr'><strong>[l</strong></span> <span class='ocrx_word' id='word_1_160' title='bbox 966 2551 1075 2631; x_wconf 79' lang='lat' dir='ltr'><strong>Aug]</strong></span> <span class='ocrx_word' id='word_1_161' title='bbox 1088 2552 1342 2633; x_wconf 89' lang='lat' dir='ltr'><strong>applicuerunt,</strong></span> 
     </span>
    </p>

    <p class='ocr_par' dir='ltr' id='par_1_8' title="bbox 384 2647 1343 3219">
     <span class='ocr_line' id='line_1_25' title="bbox 384 2647 1341 2726; baseline 0.004 -17"><span class='ocrx_word' id='word_1_162' title='bbox 384 2647 648 2710; x_wconf 76' lang='lat' dir='ltr'><strong>ethondoniam</strong></span> <span class='ocrx_word' id='word_1_163' title='bbox 660 2657 893 2710; x_wconf 89' lang='lat' dir='ltr'><strong>accesserunt.</strong></span> <span class='ocrx_word' id='word_1_164' title='bbox 946 2648 1083 2725; x_wconf 87' lang='lat' dir='ltr'><strong>Quibus</strong></span> <span class='ocrx_word' id='word_1_165' title='bbox 1094 2650 1253 2712; x_wconf 91' lang='lat' dir='ltr'><strong>dominus</strong></span> <span class='ocrx_word' id='word_1_166' title='bbox 1264 2669 1341 2726; x_wconf 84' lang='lat' dir='ltr'><strong>rex,</strong></span> 
     </span>
     <span class='ocr_line' id='line_1_26' title="bbox 384 2745 1342 2825; baseline 0.004 -18"><span class='ocrx_word' id='word_1_167' title='bbox 384 2746 427 2808; x_wconf 90' lang='lat' dir='ltr'><strong>de</strong></span> <span class='ocrx_word' id='word_1_168' title='bbox 458 2745 592 2807; x_wconf 90' lang='lat' dir='ltr'><strong>Wallia</strong></span> <span class='ocrx_word' id='word_1_169' title='bbox 617 2745 765 2818; x_wconf 80' lang='lat' dir='ltr'><strong>redienS,</strong></span> <span class='ocrx_word' id='word_1_170' title='bbox 795 2746 994 2825; x_wconf 79' lang='lat' dir='ltr'><strong>subJugatis</strong></span> <span class='ocrx_word' id='word_1_171' title='bbox 1025 2746 1273 2823; x_wconf 88' lang='lat' dir='ltr'><strong>Wallcnsibus,</strong></span> <span class='ocrx_word' id='word_1_172' title='bbox 1304 2758 1342 2811; x_wconf 87' lang='lat' dir='ltr'><strong>et</strong></span> 
     </span>
     <span class='ocr_line' id='line_1_27' title="bbox 385 2840 1340 2927; baseline 0.004 -22"><span class='ocrx_word' id='word_1_173' title='bbox 385 2843 476 2905; x_wconf 88' lang='lat' dir='ltr'><strong>datis</strong></span> <span class='ocrx_word' id='word_1_174' title='bbox 507 2840 687 2905; x_wconf 89' lang='lat' dir='ltr'><strong>obsidibus</strong></span> <span class='ocrx_word' id='word_1_175' title='bbox 719 2861 782 2922; x_wconf 91' lang='lat' dir='ltr'><strong>pro</strong></span> <span class='ocrx_word' id='word_1_176' title='bbox 814 2861 901 2922; x_wconf 87' lang='lat' dir='ltr'><strong>pace</strong></span> <span class='ocrx_word' id='word_1_177' title='bbox 928 2843 1071 2907; x_wconf 88' lang='lat' dir='ltr'><strong>firmiter</strong></span> <span class='ocrx_word' id='word_1_178' title='bbox 1099 2847 1134 2906; x_wconf 95' lang='lat' dir='ltr'><strong>in</strong></span> <span class='ocrx_word' id='word_1_179' title='bbox 1164 2850 1340 2927; x_wconf 88' lang='lat' dir='ltr'><strong>posterum</strong></span> 
     </span>
     <span class='ocr_line' id='line_1_28' title="bbox 385 2940 1342 3021; baseline 0.006 -19"><span class='ocrx_word' id='word_1_180' title='bbox 385 2940 569 3015; x_wconf 89' lang='lat' dir='ltr'><strong>servanda,</strong></span> <span class='ocrx_word' id='word_1_181' title='bbox 587 2941 689 3003; x_wconf 89' lang='lat' dir='ltr'><strong>dictis</strong></span> <span class='ocrx_word' id='word_1_182' title='bbox 709 2940 945 3003; x_wconf 89' lang='lat' dir='ltr'><strong>cardinalibus</strong></span> <span class='ocrx_word' id='word_1_183' title='bbox 969 2942 1158 3005; x_wconf 81' lang='lat' dir='ltr'><strong>Londoniae</strong></span> <span class='ocrx_word' id='word_1_184' title='bbox 1182 2944 1342 3021; x_wconf 88' lang='lat' dir='ltr'><strong>occurrit,</strong></span> 
     </span>
     <span class='ocr_line' id='line_1_29' title="bbox 385 3038 1342 3125; baseline 0.006 -24"><span class='ocrx_word' id='word_1_185' title='bbox 385 3046 421 3101; x_wconf 94' lang='lat' dir='ltr'><strong>et</strong></span> <span class='ocrx_word' id='word_1_186' title='bbox 434 3057 493 3101; x_wconf 90' lang='lat' dir='ltr'><strong>eos</strong></span> <span class='ocrx_word' id='word_1_187' title='bbox 509 3039 656 3118; x_wconf 88' lang='lat' dir='ltr'><strong>benigne</strong></span> <span class='ocrx_word' id='word_1_188' title='bbox 669 3047 704 3100; x_wconf 91' lang='lat' dir='ltr'><strong>et</strong></span> <span class='ocrx_word' id='word_1_189' title='bbox 713 3038 891 3102; x_wconf 88' lang='lat' dir='ltr'><strong>curialiter</strong></span> <span class='ocrx_word' id='word_1_190' title='bbox 906 3041 1046 3121; x_wconf 86' lang='lat' dir='ltr'><strong>recepit,</strong></span> <span class='ocrx_word' id='word_1_191' title='bbox 1062 3041 1246 3125; x_wconf 87' lang='lat' dir='ltr'><strong>citatisque</strong></span> <span class='ocrx_word' id='word_1_192' title='bbox 1260 3062 1342 3124; x_wconf 88' lang='lat' dir='ltr'><strong>pro-</strong></span> 
     </span>
     <span class='ocr_line' id='line_1_30' title="bbox 385 3135 1343 3219; baseline 0.006 -21"><span class='ocrx_word' id='word_1_193' title='bbox 385 3135 665 3216; x_wconf 86' lang='lat' dir='ltr'><strong>ceribusAngliae</strong></span> <span class='ocrx_word' id='word_1_194' title='bbox 677 3144 712 3198; x_wconf 91' lang='lat' dir='ltr'><strong>et</strong></span> <span class='ocrx_word' id='word_1_195' title='bbox 721 3136 945 3199; x_wconf 83' lang='lat' dir='ltr'><strong>ecclesiarum</strong></span> <span class='ocrx_word' id='word_1_196' title='bbox 954 3138 1232 3219; x_wconf 86' lang='lat' dir='ltr'><strong>praelatiscoram</strong></span> <span class='ocrx_word' id='word_1_197' title='bbox 1242 3140 1343 3204; x_wconf 90' lang='lat' dir='ltr'><strong>dictis</strong></span> 
     </span>
    </p>
   </div>
   <div class='ocr_carea' id='block_1_6' title="bbox 385 3233 1344 3308">
    <p class='ocr_par' dir='ltr' id='par_1_9' title="bbox 385 3233 1344 3308">
     <span class='ocr_line' id='line_1_31' title="bbox 385 3233 1344 3308; baseline 0.007 -12"><span class='ocrx_word' id='word_1_198' title='bbox 385 3234 633 3308; x_wconf 62' lang='lat' dir='ltr'><strong>cardinalibus</strong></span> <span class='ocrx_word' id='word_1_199' title='bbox 666 3233 710 3294; x_wconf 92' lang='lat' dir='ltr'><strong>ad</strong></span> <span class='ocrx_word' id='word_1_200' title='bbox 741 3235 949 3298; x_wconf 89' lang='lat' dir='ltr'><strong>audiendum</strong></span> <span class='ocrx_word' id='word_1_201' title='bbox 981 3236 1181 3300; x_wconf 91' lang='lat' dir='ltr'><strong>mandatum</strong></span> <span class='ocrx_word' id='word_1_202' title='bbox 1213 3239 1344 3303; x_wconf 93' lang='lat' dir='ltr'><strong>domini</strong></span> 
     </span>
    </p>
   </div>
   <div class='ocr_carea' id='block_1_7' title="bbox 385 3331 1345 3708">
    <p class='ocr_par' dir='ltr' id='par_1_10' title="bbox 385 3331 1345 3708">
     <span class='ocr_line' id='line_1_32' title="bbox 385 3331 1344 3414; baseline 0.006 -19"><span class='ocrx_word' id='word_1_203' title='bbox 385 3352 499 3413; x_wconf 73' lang='lat' dir='ltr'><strong>papae,</strong></span> <span class='ocrx_word' id='word_1_204' title='bbox 532 3331 785 3412; x_wconf 88' lang='lat' dir='ltr'><strong>parlamentum</strong></span> <span class='ocrx_word' id='word_1_205' title='bbox 817 3353 920 3395; x_wconf 91' lang='lat' dir='ltr'><strong>suum</strong></span> <span class='ocrx_word' id='word_1_206' title='bbox 948 3335 1074 3397; x_wconf 81' lang='lat' dir='ltr'><strong>ibidem</strong></span> <span class='ocrx_word' id='word_1_207' title='bbox 1106 3338 1237 3414; x_wconf 83' lang='lat' dir='ltr'><strong>tenuit3</strong></span> <span class='ocrx_word' id='word_1_208' title='bbox 1284 3339 1344 3402; x_wconf 91' lang='lat' dir='ltr'><strong>ubi</strong></span> 
     </span>
     <span class='ocr_line' id='line_1_33' title="bbox 385 3429 1343 3516; baseline 0.007 -26"><span class='ocrx_word' id='word_1_209' title='bbox 385 3431 418 3490; x_wconf 90' lang='lat' dir='ltr'><strong>in</strong></span> <span class='ocrx_word' id='word_1_210' title='bbox 450 3431 638 3511; x_wconf 86' lang='lat' dir='ltr'><strong>praesentia</strong></span> <span class='ocrx_word' id='word_1_211' title='bbox 671 3429 799 3493; x_wconf 91' lang='lat' dir='ltr'><strong>domini</strong></span> <span class='ocrx_word' id='word_1_212' title='bbox 833 3433 938 3511; x_wconf 87' lang='lat' dir='ltr'><strong>regis,</strong></span> <span class='ocrx_word' id='word_1_213' title='bbox 969 3452 1161 3512; x_wconf 90' lang='lat' dir='ltr'><strong>procerum,</strong></span> <span class='ocrx_word' id='word_1_214' title='bbox 1191 3445 1227 3496; x_wconf 88' lang='lat' dir='ltr'><strong>et</strong></span> <span class='ocrx_word' id='word_1_215' title='bbox 1254 3455 1343 3516; x_wconf 84' lang='lat' dir='ltr'><strong>prae·</strong></span> 
     </span>
     <span class='ocr_line' id='line_1_34' title="bbox 386 3525 1345 3614; baseline 0.01 -27"><span class='ocrx_word' id='word_1_216' title='bbox 386 3527 549 3602; x_wconf 90' lang='lat' dir='ltr'><strong>latorum,</strong></span> <span class='ocrx_word' id='word_1_217' title='bbox 594 3525 787 3591; x_wconf 89' lang='lat' dir='ltr'><strong>luculenter</strong></span> <span class='ocrx_word' id='word_1_218' title='bbox 834 3530 1035 3592; x_wconf 91' lang='lat' dir='ltr'><strong>mandatum</strong></span> <span class='ocrx_word' id='word_1_219' title='bbox 1073 3531 1202 3593; x_wconf 91' lang='lat' dir='ltr'><strong>domini</strong></span> <span class='ocrx_word' id='word_1_220' title='bbox 1242 3552 1345 3614; x_wconf 84' lang='lat' dir='ltr'><strong>papae</strong></span> 
     </span>
     <span class='ocr_line' id='line_1_35' title="bbox 386 3624 1345 3708; baseline 0.01 -22"><span class='ocrx_word' id='word_1_221' title='bbox 386 3644 491 3704; x_wconf 87' lang='lat' dir='ltr'><strong>super</strong></span> <span class='ocrx_word' id='word_1_222' title='bbox 528 3626 627 3705; x_wconf 89' lang='lat' dir='ltr'><strong>pacis</strong></span> <span class='ocrx_word' id='word_1_223' title='bbox 670 3624 913 3690; x_wconf 86' lang='lat' dir='ltr'><strong>reformatione</strong></span> <span class='ocrx_word' id='word_1_224' title='bbox 953 3636 1202 3708; x_wconf 86' lang='lat' dir='ltr'><strong>exposuerunt.</strong></span> <span class='ocrx_word' id='word_1_225' title='bbox 1269 3630 1345 3695; x_wconf 88' lang='lat' dir='ltr'><strong>Au-</strong></span> 
     </span>
    </p>
   </div>
   <div class='ocr_carea' id='block_1_8' title="bbox 386 3834 1347 4096">
    <p class='ocr_par' dir='ltr' id='par_1_11' title="bbox 386 3834 1347 4096">
     <span class='ocr_line' id='line_1_36' title="bbox 422 3834 1347 3910; baseline 0.014 -27"><span class='ocrx_word' id='word_1_226' title='bbox 422 3834 430 3866; x_wconf 86' lang='lat'>¹</span> <span class='ocrx_word' id='word_1_227' title='bbox 459 3838 491 3884; x_wconf 94' lang='lat' dir='ltr'><strong>In</strong></span> <span class='ocrx_word' id='word_1_228' title='bbox 513 3852 530 3884; x_wconf 84' lang='lat' dir='ltr'><strong>a</strong></span> <span class='ocrx_word' id='word_1_229' title='bbox 553 3837 680 3886; x_wconf 85' lang='lat' dir='ltr'><strong>side-note</strong></span> <span class='ocrx_word' id='word_1_230' title='bbox 703 3839 726 3886; x_wconf 88' lang='lat' dir='ltr'><strong>is</strong></span> <span class='ocrx_word' id='word_1_231' title='bbox 749 3840 835 3888; x_wconf 85' lang='lat' dir='ltr'><strong>added</strong></span> <span class='ocrx_word' id='word_1_232' title='bbox 848 3857 854 3889; x_wconf 90' lang='lat'><strong>:</strong></span> <span class='ocrx_word' id='word_1_233' title='bbox 867 3840 1095 3900; x_wconf 72' lang='lat' dir='ltr'><strong>&#39;praedecessorem</strong></span> <span class='ocrx_word' id='word_1_234' title='bbox 1115 3859 1190 3893; x_wconf 90' lang='lat' dir='ltr'><strong>suum</strong></span> <span class='ocrx_word' id='word_1_235' title='bbox 1202 3848 1347 3910; x_wconf 84' lang='lat' dir='ltr'><strong>accersivit,</strong></span> 
     </span>
     <span class='ocr_line' id='line_1_37' title="bbox 386 3906 1346 3981; baseline 0.013 -28"><span class='ocrx_word' id='word_1_236' title='bbox 386 3906 433 3953; x_wconf 91' lang='lat' dir='ltr'><strong>‘In</strong></span> <span class='ocrx_word' id='word_1_237' title='bbox 451 3921 577 3954; x_wconf 88' lang='lat' dir='ltr'><strong>summum</strong></span> <span class='ocrx_word' id='word_1_238' title='bbox 597 3907 741 3966; x_wconf 88' lang='lat' dir='ltr'><strong>pontificem</strong></span> <span class='ocrx_word' id='word_1_239' title='bbox 756 3909 853 3957; x_wconf 87' lang='lat' dir='ltr'><strong>electus</strong></span> <span class='ocrx_word' id='word_1_240' title='bbox 866 3911 1017 3981; x_wconf 59' lang='lat' dir='ltr'><strong>pipsumque</strong></span> <span class='ocrx_word' id='word_1_241' title='bbox 1040 3918 1117 3961; x_wconf 85' lang='lat' dir='ltr'><strong>certae</strong></span> <span class='ocrx_word' id='word_1_242' title='bbox 1141 3916 1277 3973; x_wconf 73' lang='lat' dir='ltr'><strong>custodiar,</strong></span> <span class='ocrx_word' id='word_1_243' title='bbox 1300 3916 1346 3965; x_wconf 84' lang='lat' dir='ltr'><strong>lro-</strong></span> 
     </span>
     <span class='ocr_line' id='line_1_38' title="bbox 386 3975 1345 4095; baseline 0.013 -74"><span class='ocrx_word' id='word_1_244' title='bbox 386 3988 423 4023; x_wconf 84' lang='lat' dir='ltr'><strong>xi.</strong></span> <span class='ocrx_word' id='word_1_245' title='bbox 442 3975 496 4024; x_wconf 86' lang='lat' dir='ltr'><strong>kal.</strong></span> <span class='ocrx_word' id='word_1_246' title='bbox 518 3975 640 4023; x_wconf 85' lang='lat' dir='ltr'><strong>Februnr.</strong></span> <span class='ocrx_word' id='word_1_247' title='bbox 663 3975 707 4037; x_wconf 71' lang='grc'><strong>[22</strong></span> <span class='ocrx_word' id='word_1_248' title='bbox 725 3977 810 4038; x_wconf 82' lang='lat' dir='ltr'><strong>Jan.],</strong></span> <span class='ocrx_word' id='word_1_249' title='bbox 828 3978 854 4025; x_wconf 92' lang='lat' dir='ltr'><strong>in</strong></span> <span class='ocrx_word' id='word_1_250' title='bbox 867 3986 959 4095; x_wconf 68' lang='lat' dir='ltr'><strong>&#39;nesta</strong></span> <span class='ocrx_word' id='word_1_251' title='bbox 977 3985 1071 4042; x_wconf 85' lang='lat' dir='ltr'><strong>tamen,</strong></span> <span class='ocrx_word' id='word_1_252' title='bbox 1088 3983 1114 4029; x_wconf 90' lang='lat' dir='ltr'><strong>in</strong></span> <span class='ocrx_word' id='word_1_253' title='bbox 1131 3984 1205 4032; x_wconf 86' lang='lat' dir='ltr'><strong>curia</strong></span> <span class='ocrx_word' id='word_1_254' title='bbox 1218 3998 1266 4032; x_wconf 81' lang='lat' dir='ltr'><strong>sua</strong></span> <span class='ocrx_word' id='word_1_255' title='bbox 1278 3999 1345 4032; x_wconf 85' lang='lat' dir='ltr'><strong>corn·</strong></span> 
     </span>
     <span class='ocr_line' id='line_1_39' title="bbox 386 4043 1028 4096; baseline 0.008 -7"><span class='ocrx_word' id='word_1_256' title='bbox 386 4043 449 4090; x_wconf 86' lang='lat' dir='ltr'><strong>urbe</strong></span> <span class='ocrx_word' id='word_1_257' title='bbox 461 4048 500 4090; x_wconf 92' lang='lat' dir='ltr'><strong>est</strong></span> <span class='ocrx_word' id='word_1_258' title='bbox 518 4049 662 4092; x_wconf 89' lang='lat' dir='ltr'><strong>coronatus.</strong></span> <span class='ocrx_word' id='word_1_259' title='bbox 700 4044 753 4093; x_wconf 83' lang='lat' dir='ltr'><strong>Qui</strong></span> <span class='ocrx_word' id='word_1_260' title='bbox 768 4047 854 4094; x_wconf 84' lang='lat' dir='ltr'><strong>statim</strong></span> <span class='ocrx_word' id='word_1_261' title='bbox 880 4048 1028 4096; x_wconf 64' lang='lat' dir='ltr'><strong>mandarit!</strong></span> 
     </span>
    </p>
   </div>
   <div class='ocr_carea' id='block_1_9' title="bbox 0 0 1564 4508">
    <p class='ocr_par' dir='ltr' id='par_1_12' title="bbox 0 0 1564 4508">
     <span class='ocr_line' id='line_1_40' title="bbox 0 0 1564 4508; baseline 0 0"><span class='ocrx_word' id='word_1_262' title='bbox 0 0 1564 4508; x_wconf 95' lang='lat' dir='ltr'><strong> </strong></span> 
     </span>
    </p>
   </div>
  </div>
 </body>
</html>
