3074 4508
433 327 626 375 rnonnnru
654 288 931 373 wroonnmnsrs.
1109 312 1153 373 47

206 497 298 540 mam
317 490 391 544 erat
412 483 538 564 posita,
561 484 702 546 liberam
729 483 816 557 fecit,
841 502 881 546 ac
902 502 1019 546 omnes
1043 484 1154 547 malas

206 581 473 645 consuetudines
495 592 531 646 et
554 583 703 665 injustas
719 584 928 659 exactiones,
953 583 1079 663 quibus
1100 604 1154 645 re-

207 696 313 756 gnum
362 679 499 760 Angliae
536 681 665 764 injuste
698 683 964 763 opprimebatur,
1001 682 1154 756 abstulit,

207 794 329 856 pacem
346 779 478 842 firmam
503 780 538 842 in
563 790 636 845 toto
652 800 757 861 regno
773 801 835 844 suo
852 782 979 862 posuit,
995 789 1030 842 et
1046 782 1156 843 teneri

207 877 395 958 praecepit;
435 878 546 959 legem
580 880 674 960 regis
710 879 893 942 Eadn'ardi
929 881 1088 943 omnibus
1118 880 1155 942 in
1169 900 1316 940 naiman·

208 992 390 1038 commune
409 978 570 1053 reddidit,
588 978 751 1042 cumillis
770 977 1062 1041 emendationibus
1079 979 1156 1059 qui·
1168 950 1305 1039 ”si'ii'rine

209 1073 274 1135 bus
303 1083 404 1154 pater
432 1095 516 1139 suus
547 1076 643 1144 iilam
667 1077 863 1141 emendavit
872 1102 884 1156 3
910 1078 970 1140 sed
995 1077 1155 1152 forestas,
1169 1049 1289 1090 ΟΜΝ·

208 1189 296 1251 quas
313 1173 566 1240 illeconstituit
591 1186 626 1240 et
652 1177 781 1252 habuit,
797 1177 831 1238 in
856 1194 960 1238 manu
985 1195 1049 1238 sua
1073 1177 1156 1238 reti-

209 1271 309 1335 nuit.¹
366 1272 441 1337 Nec
465 1275 575 1339 multo
603 1285 682 1356 post
708 1274 998 1337 Dunbolmensem
1023 1276 1155 1355 episco·
1170 1294 1296 1384 ffliiffa

208 1389 292 1450 pum
331 1370 547 1436 Rauuulfum
578 1373 768 1436 Lundoniae
795 1373 830 1434 iu
856 1372 961 1436 Turri
990 1373 1321 1436 eustodiaetouerover.

208 1471 432 1549 mancipavit,
460 1482 494 1534 et
533 1473 830 1536 Dorubernensem
862 1473 1279 1582 archiepiscopumpfflr

209 1566 413 1631 Anselnrum
430 1571 472 1633 de
493 1570 611 1634 Gallia
632 1572 817 1634 revocavit.
871 1571 1009 1634 Interea
1032 1574 1075 1634 ab
1101 1572 1157 1633 Ie·
1172 1593 1306 1681 pappam

208 1669 359 1731 rusalem
397 1670 533 1751 domum
578 1670 751 1733 redierunt
789 1670 930 1731 comites
967 1670 1293 1781 R⁰tb⁶stu⁸3¹2ssssssss¹ss

211 1765 433 1832 Flandrensis
459 1778 494 1833 et
520 1770 701 1833 Eustatius
732 1767 956 1831 Bononiensis
989 1770 1157 1849 primltus,

208 1865 287 1927 dein
304 1866 584 1932 Normannorum
599 1887 713 1932 comes
729 1868 918 1931 Rotbertus
933 1887 1010 1930 cum
1024 1866 1160 1944 uxore,2

208 1983 312 2044 quam
332 1964 397 2027 sibi
423 1966 459 2026 iu
483 1965 602 2029 Sicilia
628 1966 906 2046 desponsaverat,
930 1964 1160 2047 repatriavit.³

209 2061 356 2125 interim
379 2083 443 2126 rex
468 2063 665 2144 Anglorum
691 2063 877 2127 Heinricus
903 2063 1051 2144 majores
1073 2072 1159 2128 natu
1173 2086 1314 2135 namot

208 2160 351 2242 Angliae
368 2164 595 2245 congregavit
621 2163 825 2238 Lundoniae,
844 2170 878 2225 et
903 2163 995 2242 regis
1021 2161 1158 2226 Scotto·
1172 2137 1311 2227 iiiin‘irdi‘h

209 2279 285 2322 rum
302 2261 481 2325 Malcoimi
494 2271 529 2326 et
547 2262 761 2343 Margaretae
778 2261 906 2342 reginae
923 2261 1040 2336 filiam,
1056 2260 1160 2323 Mab-

210 2357 329 2421 tildem
345 2361 491 2434 nomine,
507 2361 544 2422 in
560 2361 745 2442 conjugem
761 2361 905 2439 accepit,
922 2379 1026 2440 quam
1044 2359 1160 2423 Doru-

207 2457 387 2520 berneusis
399 2458 680 2540 archiepiscopus
692 2457 890 2533 Anselmus,
900 2457 1093 2533 Dominica,
1105 2458 1161 2520 die

209 2553 412 2620 festivitatis
443 2557 478 2621 S.
506 2557 665 2634 Martini,
694 2558 848 2638 reginam
876 2555 1095 2620 consecravit
1126 2565 1161 2620 et

244 2815 251 2844 ¹
270 2815 406 2878 Ratiaria]
424 2815 472 2864 See
487 2815 530 2864 the
547 2815 612 2864 laws
624 2816 674 2863 and
701 2817 851 2861 contestans.
888 2810 940 2860 Hic
961 2811 1048 2870 itaque
1071 2826 1163 2872 genere

207 2883 309 2933 charter
318 2885 348 2933 of
363 2885 453 2945 Heury
464 2885 488 2934 1.
500 2886 526 2933 in
544 2885 588 2933 the
605 2885 676 2932 ‘Au
701 2882 817 2942 Italicus,
828 2880 938 2929 seculari
953 2880 1090 2940 prudentia
1101 2895 1164 2928 cau·

207 2954 276 3001 cient
304 2954 389 3003 Laws-
409 2955 461 3002 und
486 2955 623 3003 Institutas
649 2954 679 3002 oi
701 2951 824 3012 tissimus,
862 2950 1003 2997 litterarum
1046 2949 1163 3010 adprime

208 3022 347 3084 Englaud.'
701 3019 806 3068 scientia
823 3019 916 3078 optime
939 3017 1062 3077 eruditus,
1083 3019 1164 3066 medi·

243 3120 254 3149 ι
272 3124 334 3170 Cum
345 3125 442 3188 wel]
459 3124 567 3184 Sibylla,
578 3122 676 3184 daugh-
700 3090 764 3170 eiuae
777 3087 868 3148 peritia
882 3087 946 3134 adeo
961 3088 1123 3148 exercitatus,
1134 3093 1164 3135 ut

207 3196 247 3240 ter
258 3193 287 3240 of
301 3191 422 3253 Geoffrey
433 3197 510 3242 count
522 3193 551 3240 oi
564 3191 675 3241 Conver-
701 3173 756 3219 ‘³¹¹⁸
774 3157 854 3205 ⁸⁰¹i¹¹⁸
871 3155 1011 3203 amdam
1028 3157 1164 3206 ⁰⁰¹¹fe⁰fi⁰·

145 3301 147 3304 .
207 3263 349 3381 {w
363 3263 566 3326 eod-seces
580 3262 676 3309 Rev
700 3225 1163 3344 titii?tradititiis

701 3365 815 3413 ecelesia
829 3367 913 3422 notus,
923 3376 981 3409 cum
993 3367 1018 3410 et
1028 3363 1055 3410 in
1067 3378 1098 3412 ea
1109 3368 1163 3413 tum

243 3429 254 3460 ³
271 3433 370 3483 Quarto
386 3434 473 3493 itaque
496 3445 582 3480 mense
603 3431 675 3493 regni
701 3435 796 3492 multis,
815 3436 840 3480 et
860 3433 887 3479 in
906 3432 965 3478 aliis
984 3432 1100 3481 ecclesiis
1118 3449 1165 3494 per

207 3501 287 3562 illius,
310 3502 353 3550 die
373 3502 492 3550 Omnium
516 3501 675 3559 Sanctorum,
700 3500 1076 3562 Ausoniasorasdiudeguerit.
1094 3503 1165 3552 Qua-

207 3586 253 3630 per
264 3586 366 3619 menum
381 3571 496 3632 episcopi
507 3570 675 3618 Lincoliensis
702 3587 728 3620 re
755 3576 832 3619 tantae
859 3570 995 3630 opinionis,
1022 3584 1165 3632 personam,

209 3641 333 3700 Rotberti,
351 3641 470 3690 domnum
489 3641 629 3701 Fericium,
643 3654 675 3687 ex
701 3641 890 3701 archiepiscopo
912 3640 1033 3687 Anselmo
1056 3641 1088 3687 ab
1116 3640 1165 3690 hac

208 3708 426 3758 Malrnesbiriensi
448 3710 566 3758 coenobio
588 3723 675 3756 mona·
701 3712 754 3757 vita
765 3712 880 3771 migrato,
889 3714 1004 3768 parasset
1015 3722 1060 3755 rex
1072 3709 1166 3756 substi-

209 3778 293 3839 chum,
312 3778 507 3826 Abbendoniam
526 3779 631 3839 direxit,
650 3783 676 3825 et
701 3787 782 3840 tuere,
799 3779 848 3826 nisi
864 3791 951 3825 norma
968 3777 1097 3836 aequitutis
1108 3781 1165 3838 ejus

207 3853 236 3894 ut
247 3848 360 3895 debitam
375 3847 414 3894 ilii
431 3848 613 3907 subjectionem
630 3847 675 3894 de·
701 3849 848 3897 inflexibilis
875 3845 1028 3906 quibusdam
1061 3848 1165 3906 majoris

207 3917 309 3979 ferrent,
320 3917 450 3965 monacbis
463 3916 607 3974 mandavit;
625 3917 676 3963 uti·
702 3918 797 3964 ordinis
832 3914 998 3963 ecclesiastici
1036 3922 1165 3975 suspecta,

208 3987 296 4035 liorem
309 3987 347 4036 eis
358 3987 411 4035 fore
423 4000 549 4046 nusquam
562 3990 592 4032 ut
603 3986 675 4033 reba·
701 3987 813 4046 ipsorum
829 3983 937 4030 suctione
954 3983 982 4029 id
999 3987 1050 4029 tum
1068 3991 1166 4044 pertur-

206 4061 249 4103 tur
265 4071 341 4117 posse
353 4071 380 4104 se
392 4057 525 4117 providere
540 4060 674 4115 patronum
702 4057 812 4103 baretur.
848 4052 879 4101 L.
891 4053 946 4100 edd.
