3074 4508
228 158 250 220 6
598 171 806 220 cnn0n1corr

228 332 366 390 scentes
391 325 556 400 animum,
580 344 624 388 ne
650 327 722 388 suis
748 323 933 386 honoribus
960 321 1182 403 privarentur

230 425 405 502 timerent,
422 422 639 486 venerandus
660 423 714 483 vir
739 420 958 496 Wulstanus,
973 419 1182 500 Wigornen-

230 523 279 586 sis
302 523 498 604 episcopus,
521 520 757 602 possessiones
785 520 1007 600 quamplures
1029 520 1083 580 sui
1106 519 1180 597 epi-

231 629 398 703 scopatus
420 621 465 683 ab
487 618 641 683 Aldredo
664 618 934 700 archiepiscopo,
956 617 1038 678 dum
1061 635 1083 678 a
1105 615 1181 677 Wi-

231 718 396 796 gornensi
413 717 560 780 ecclesia
581 717 625 779 ad
649 717 902 780 Eboracensem
925 714 1182 789 transferretur,

230 831 297 875 sua
320 814 479 894 potentia
504 822 669 888 retentas,
698 833 776 895 quae
802 832 843 876 eo
864 821 945 876 tunc
964 810 1126 873 defuncto
1144 811 1180 872 iu

231 911 363 990 regiam
393 915 603 990 potestatem
634 911 854 985 devenerant,
881 914 1078 972 constanter
1102 927 1182 987 pro·

231 1008 420 1084 clamabat,
438 1008 636 1087 expetebat,
654 1006 896 1088 justitiamque
918 1005 996 1068 inde
1016 1005 1089 1068 fieri
1109 1013 1181 1067 tam

232 1108 277 1169 ab
310 1106 396 1187 ipsis
429 1106 489 1186 qui
520 1105 667 1169 concilio
699 1113 883 1186 praeerant,
912 1121 1014 1184 quam
1047 1121 1069 1164 a
1101 1122 1183 1183 rege

231 1204 428 1284 flagitabat.
488 1202 540 1266 At
564 1204 647 1284 quia
671 1202 900 1267 Eboracensis
930 1200 1085 1274 ecclesia,
1113 1219 1183 1263 non

232 1301 364 1364 habens
392 1309 569 1382 pastorem
595 1301 654 1382 qui
683 1320 745 1381 pro
776 1320 817 1364 ea
846 1301 1055 1380 loqueretur,
1085 1306 1184 1360 muta

232 1407 320 1474 erat,
330 1399 527 1480 judicatum
543 1407 595 1460 est
613 1406 653 1461 ut
674 1399 751 1479 ipsa
766 1397 907 1479 querela
926 1398 975 1459 sic
992 1404 1184 1459 remaneret

232 1513 427 1575 quousque,
443 1495 703 1576 archiepiscopo
724 1497 772 1558 ibi
790 1495 977 1557 constituto
993 1497 1052 1574 qui
1074 1493 1184 1555 eccle·

232 1592 319 1654 siam
349 1591 561 1665 defenderet,
594 1592 676 1652 dum
712 1597 804 1653 esset
837 1592 896 1669 qui
928 1590 1003 1671 ejus
1034 1589 1184 1670 querelae

231 1687 469 1767 responderet,
486 1706 531 1750 ex
547 1685 693 1768 objectis
720 1695 755 1750 et
777 1687 951 1768 responsis
971 1696 1089 1768 posset
1110 1688 1183 1750 evi·

233 1784 372 1848 dontius
390 1803 430 1847 ac
444 1784 576 1866 justius
586 1784 756 1865 judicium
772 1785 856 1848 fieri.
900 1785 1025 1867 Sicque
1042 1790 1124 1848 tunc
1142 1804 1185 1847 ea

69 1905 163 1945 nomn
233 1883 377 1963 querela
392 1882 436 1945 ad
454 1888 592 1963 tempus
608 1883 784 1946 remansit.
837 1883 904 1945 Die
923 1891 1039 1945 autem
1055 1882 1183 1945 Pente-

67 1954 169 2050 iffi'i'ss‘
233 1985 348 2042 costes
374 1979 434 2058 [23
454 1978 568 2058 Maii]
595 1998 659 2041 rex
686 1980 779 2058 apud
806 1978 1049 2040 Windesoram
1079 1997 1184 2041 vene·

68 2051 343 2145 iiissfflraudo
371 2075 556 2138 Baiocensi
588 2075 754 2139 canonico
783 2073 928 2138 Thomas
954 2074 1183 2139 Eboracensis

69 2149 202 2246 miiiti-
233 2171 390 2236 ecclesiae
427 2171 773 2255 archiepiscopatum,
812 2179 849 2236 et
885 2173 1079 2237 Walcelino
1119 2192 1198 2257 sno

69 2247 160 2286 Μ’
232 2269 415 2353 capellano
444 2268 696 2334 Wintoniensis
720 2270 875 2334 ecclesiae
902 2271 998 2334 dedit
1019 2271 1186 2352 praesula-

232 2374 309 2430 tum
326 2363 469 2449 pscujus
493 2366 598 2449 jussu
627 2388 711 2431 mox
742 2369 778 2430 iu
812 2369 962 2431 crastino
996 2368 1185 2449 praedictus

233 2463 444 2528 Sedunensis
468 2464 652 2547 episcopus
676 2464 916 2529 Armenfridus
938 2467 1108 2547 synodum
1136 2473 1186 2529 te·

172 2559 177 2564 ’
234 2563 322 2637 nuit,
353 2560 377 2624 J
380 2562 515 2625 ohanne
548 2569 589 2625 et
622 2561 729 2627 Petro
765 2562 919 2644 praefatis
954 2563 1187 2626 cardinalibus

68 2684 204 2732 manen.
235 2658 403 2722 Romam
423 2659 584 2722 reversis.
646 2659 691 2722 Iu
723 2678 794 2740 qua
821 2661 953 2742 synodo
981 2659 1183 2742 Agelricus¹

68 2734 224 2831 iffaif‘iria‘a
234 2756 524 2821 Sum-Saxonum
546 2757 705 2838 pontifex
735 2776 805 2820 non
830 2758 993 2821 canonice
1019 2759 1188 2838 degrada·

69 2831 221 2927 ffliqrfi'i'giei,
235 2862 305 2929 tur,
335 2873 437 2934 quem
463 2873 526 2916 rex
557 2855 632 2917 sine
662 2855 766 2935 culpa
791 2874 874 2917 mox
902 2854 995 2935 apud
1021 2855 1187 2918 Mearles-

69 2929 208 3026 33ἷῖΤά
234 2951 361 3030 beorge
377 2952 414 3012 in
435 2951 595 3014 custodia
610 2952 745 3031 posuit:
769 2953 911 3014 abbates
936 2953 1039 3014 etiam
1064 2971 1185 3033 quam·

232 3048 350 3128 piures
377 3056 460 3110 sunt
487 3048 680 3128 degradati.
733 3048 870 3124 Quibus
894 3049 1106 3128 degradatis,
1123 3068 1184 3110 rex

232 3145 306 3206 suis
334 3145 536 3226 capellanis,
564 3145 707 3208 Arsasto
731 3144 1040 3225 East-Anglorum,
1059 3154 1093 3208 et
1116 3145 1188 3208 Sti·

235 3240 351 3320 gando
385 3241 674 3305 suth-Saxonum
708 3242 803 3306 dedit
833 3243 1093 3325 episcopatum3
1125 3244 1185 3323 qui

235 3331 428 3416 stigandus
445 3341 596 3402 mutavit
611 3339 726 3402 sedem
749 3341 786 3403 in
803 3340 1003 3416 Cicestram‚
1028 3341 1187 3405 dioecesis

234 3453 309 3497 suae
347 3435 545 3498 civitatem:
585 3437 758 3501 nonnullis
797 3439 902 3501 etiam
942 3439 976 3502 N
980 3439 1187 3502 ormannicis

235 3532 414 3596 monachis
443 3533 538 3598 dedit
560 3535 731 3598 abbatias.
792 3536 839 3598 Et
862 3538 944 3617 quia
960 3536 1188 3600 Doruberniae

269 3722 449 3785 ‘Agelricus.]
474 3724 525 3771 His
545 3737 619 3771 name
637 3723 698 3771 does
724 3726 799 3770 1057.
843 3722 891 3771 See
903 3723 952 3772 vol.
964 3735 982 3770 1.
996 3737 1022 3782 p.
1034 3725 1092 3768 214.
1136 3719 1187 3767 His

235 3794 278 3836 not
290 3804 387 3850 appear
402 3793 428 3839 in
444 3792 486 3840 the
505 3793 549 3840 list
566 3791 628 3856 (vol.
642 3805 659 3840 1.
672 3807 697 3851 p.
724 3805 857 3839 successor
878 3790 985 3851 Stigand
1008 3794 1075 3835 rnust
1092 3793 1134 3835 not
1156 3789 1188 3836 be

232 3855 304 3919 2³4),
321 3859 367 3906 but
383 3860 414 3906 be
426 3860 567 3923 succeeded
584 3860 659 3908 Heca
673 3861 699 3908 in
723 3859 883 3908 couiounded
895 3858 958 3905 with
969 3857 1011 3904 the
1027 3856 1188 3916 arebbisbop.
