3074 4508
462 348 654 395 rnounuru
680 347 962 395 wrcouurnusrs.
1149 331 1195 394 93

240 499 390 563 Eliensis
420 504 551 582 primus
587 504 783 584 episcopus,
821 521 874 568 ιιι.
911 502 981 566 kal.
1019 502 1195 584 Septemb.
1208 518 1346 575 autumer

241 590 301 686 [30
319 599 442 681 Aug.],
458 603 555 677 obiit,
571 602 755 665 indictione
772 619 825 665 tx.
1209 567 1363 657 fliI⁰¹ffl¹⁸²⁰¹

292 696 403 761 Stella
430 712 593 776 cometes,
623 717 702 763 vru.
734 701 810 763 idus
840 700 1001 764 Octobris
1021 698 1058 783 [8
1084 699 1196 784 Oct.],
1222 715 1354 754 nonar.

241 794 311 858 sere
337 814 457 878 perv.
482 798 554 862 dies
578 800 752 880 apparuit.
810 800 971 862 Maxima
993 819 1074 881 pars
1100 799 1194 861 Lun·
1209 782 1352 878 ὶξῖῗζῖζιη

240 894 355 958 doniae
392 895 556 973 civitatiS,
591 917 668 960 cum
706 898 886 978 principali
919 898 1064 961 ecclesia
1101 897 1197 960 beati
1209 881 1329 970 ἓξζῖῗᾱω

241 992 345 1055 Pauli
360 992 534 1075 Apostoli,
549 997 586 1058 in
601 996 817 1059 hebdomada
838 996 1078 1070 Pentecostes,
1102 997 1195 1076 quod

242 1100 317 1155 erat
334 1108 374 1156 ιι.
391 1094 469 1156 idus
491 1093 579 1157 Maii
603 1092 664 1178 [14
679 1093 798 1179 Maii],
820 1096 902 1174 igne
925 1096 1106 1157 combusta
1129 1103 1195 1157 est.

241 1189 348 1253 Auno
371 1208 515 1257 xxxin.
539 1213 582 1255 ex
610 1213 679 1274 quo
704 1212 763 1255 rex
788 1190 980 1272 Anglorum
1006 1192 1356 1268 Heinricusueparkaue

242 1309 387 1369 regnare
401 1292 518 1372 coepit,
534 1291 619 1354 feria
634 1309 696 1367 rv„
710 1291 764 1354 die
783 1292 885 1354 etiarn
903 1292 991 1373 ipso,
1005 1292 1197 1354 secundum
1210 1258 1338 1348 illidi*

243 1389 325 1450 anni
341 1389 603 1467 revolutionem,
619 1410 688 1470 quo
704 1390 811 1453 frater
828 1398 863 1453 et
884 1410 1074 1471 praecessor
1091 1390 1198 1464 illius,

243 1486 442 1551 Willelmus
456 1489 589 1551 scilicet
605 1488 721 1551 Rufus
746 1507 820 1561 rex,
845 1488 1047 1550 interfectus
1070 1495 1136 1562 cst,
1164 1498 1200 1550 et

242 1586 317 1666 ipse
351 1585 539 1674 Heinripus
573 1587 683 1667 primo
716 1587 813 1665 regni
845 1586 900 1647 sui
931 1605 1019 1649 anno
1043 1587 1200 1667 suscepit

243 1685 489 1763 gubernacula,
503 1684 572 1748 tale
588 1692 726 1748 constat
737 1685 924 1764 contigisse
937 1686 1175 1765 spectaculum
1190 1705 1198 1746 :

244 1782 333 1846 Cum
373 1785 481 1864 igitur
517 1804 579 1847 rex
617 1785 802 1865 praedictus
836 1784 929 1845 circa
963 1783 1068 1844 maris
1099 1782 1199 1844 littus

244 1882 493 1945 transfretandi
518 1901 624 1945 causa
644 1891 848 1955 moraretur,
872 1889 975 1943 vento
1001 1880 1130 1961 saepius
1154 1881 1199 1943 ad

244 1979 537 2043 transfretandum
570 1980 743 2043 existente
776 1979 940 2052 secundo,
970 1977 1106 2040 taudem
1143 1977 1200 2040 die

243 2078 403 2160 praesato,
420 2079 513 2142 circa
527 2077 716 2152 meridiem,
727 2096 803 2140 cum
821 2076 864 2139 ad
877 2095 972 2138 mare
989 2077 1200 2140 transiturus

243 2177 468 2257 perrexisset,
487 2196 641 2252 suorum,
661 2184 702 2239 ut
723 2195 798 2239 mos
821 2183 875 2239 est
898 2175 1050 2255 regibus»,
1068 2177 1199 2239 consti-

243 2283 348 2358 patus
385 2277 533 2339 militum
567 2276 702 2351 turmis,
738 2275 853 2338 subito
891 2276 928 2337 in
967 2272 1047 2338 aere
1088 2277 1199 2337 nubes

244 2375 422 2455 apparuit,
452 2393 530 2454 quae
562 2382 679 2436 tamen
713 2371 866 2453 ejusdem
899 2373 1105 2455 quantitatis
1137 2392 1201 2453 per

243 2474 439 2536 universam
457 2471 624 2552 Angliam
645 2489 715 2533 non
732 2471 937 2552 comparuit.
990 2470 1033 2533 In
1057 2472 1200 2550 quibus-

243 2572 324 2634 dam
347 2572 439 2633 enim
461 2570 547 2635 locis
562 2570 663 2652 quasi
682 2569 754 2632 dies
771 2570 939 2632 obscurus
954 2569 1146 2644 videbatur,
1161 2569 1199 2630 in

244 2670 449 2751 quibusdam
465 2689 546 2733 vero
563 2676 670 2731 tautae
682 2669 902 2731 obscuritatis
915 2674 1001 2742 erat,
1017 2674 1056 2730 ut
1071 2667 1201 2730 lumine

244 2767 472 2832 candelaead
511 2767 688 2848 quodlibet
726 2767 895 2848 agendum
939 2768 1015 2848 ipsa
1051 2766 1200 2846 protecti

244 2866 399 2930 homines
416 2867 622 2946 indigerent.
676 2864 779 2928 Unde
795 2884 856 2927 rex
881 2863 1043 2945 latusque
1065 2864 1200 2943 regium

244 2966 437 3028 ambientes
448 2972 484 3026 et
502 2964 562 3027 alii
576 2963 769 3044 complures
786 2963 964 3037 mirantes,
976 2963 1054 3024 etin
1071 2961 1200 3024 coelum

245 3064 365 3127 oculos
389 3064 571 3137 ⁴levantes,
604 3062 713 3125 solem
750 3061 795 3124 ad
832 3060 944 3124 instar
976 3079 1076 3122 novae
1107 3059 1200 3122 luuae

244 3162 359 3225 lucere
380 3167 648 3242 conspexerunt,
672 3161 732 3242 qui
758 3167 872 3222 tamen
894 3179 963 3221 non
987 3157 1046 3220 diu
1070 3175 1107 3219 se
1131 3177 1201 3220 uno

245 3261 348 3324 modo
378 3260 549 3336 babebat;
577 3277 658 3320 nam
678 3257 865 3336 aliquando
897 3257 1012 3330 latior,
1040 3255 1200 3335 aliquan-

245 3358 302 3420 diu
331 3358 501 3431 subtilior,
534 3356 743 3438 quandoque
776 3357 963 3428 incurvior,
993 3354 1201 3434 quandoque

245 3458 403 3531 erectior,
422 3475 515 3518 nunc
532 3455 636 3517 solito
657 3455 757 3516 modo
780 3453 908 3527 firmus,
929 3451 1029 3514 modo
1046 3470 1200 3526 movens,

245 3564 280 3618 et
301 3556 345 3616 ad
368 3556 476 3617 instar
498 3555 569 3617 vivi
595 3553 731 3633 argenti
751 3560 865 3613 motus
883 3559 917 3612 et
935 3549 1085 3630 liquidus
1102 3550 1200 3612 vide·
1298 3574 1300 3578 ·

245 3655 358 3714 batur.
422 3652 595 3714 Asserunt
619 3651 759 3731 quidam
781 3649 936 3729 eclipsim
962 3646 1046 3709 solis
1070 3647 1200 3710 saetam

245 3750 365 3824 fuisse,
392 3751 529 3830 quodsi
552 3769 671 3811 verum
689 3757 754 3822 est,
772 3755 852 3809 tunc
870 3747 923 3808 sol
941 3754 1015 3807 erat
1029 3745 1064 3806 in
1083 3746 1200 3825 capite

245 3849 418 3922 draconis,
451 3858 484 3911 et
515 3847 598 3910 luna
627 3848 663 3908 in
698 3846 820 3918 cauda,
850 3845 905 3905 vel
936 3842 987 3905 sol
1025 3842 1059 3902 in
1088 3843 1201 3904 cauda

246 3957 280 4010 et
303 3948 387 4010 luna
409 3948 445 4009 in
468 3946 595 4027 capite,
624 3946 660 4006 in
684 3949 727 4007 v⁰.
756 3944 867 4022 signo,
895 3942 930 4002 in
956 3947 1060 4002 xvr10.
1089 3941 1201 4020 gradu

246 4048 357 4127 ipsius
396 4047 497 4126 signi.
569 4044 656 4105 Erat
692 4050 808 4105 autem
843 4048 925 4103 tunc
959 4039 1042 4100 luna
1076 4056 1200 4104 xxvrr.
