3074 4508
441 356 634 403 roonuurrr
664 358 946 407 wroouuruusrs.
1100 346 1165 409 109

211 513 451 594 umplraturus,
474 514 643 575 instructo
671 514 789 588 milite,
814 516 878 576 sub
903 514 1053 595 quadam
1081 534 1163 578 cau-

212 613 293 688 tela,
332 613 470 675 obviam
510 613 676 692 procedit.
744 613 972 692 Fugientibus
1015 613 1163 690 duobus,

213 709 422 773 Gaussridus
464 711 611 790 capitur,
654 720 688 773 et
726 711 890 775 custodiae
933 714 1162 794 mancipatur.

214 809 308 872 Hinc
336 811 450 872 lurore
478 809 634 871 succensi
660 809 941 891 Brycstowenses
969 812 1161 887 castellani,
1175 824 1301 913 prm?

212 927 291 970 cum
308 908 447 970 domino
470 927 545 982 su0,
564 908 700 970 comitis
720 909 803 984 filio,
820 909 1030 973 Bathoniam
1053 885 1228 974 hosti-dm·
1257 885 1271 924 Ρ
1297 897 1306 907 ”

211 1006 291 1068 liter
312 1007 452 1081 adeunt,
470 1015 549 1086 post
571 1007 754 1086 praesulem
781 1008 912 1087 legant,
935 1017 981 1084 et,
1002 1009 1037 1070 ni
1058 1010 1161 1072 citius

212 1105 402 1167 commilito
417 1124 500 1166 suus
524 1103 732 1168 Gaussridus
754 1106 929 1181 reddatur,
948 1107 1103 1188 pontifici
1127 1117 1163 1170 et

213 1203 285 1265 suis
309 1204 545 1284 suspensionis
569 1204 760 1284 patibulum
783 1207 968 1268 minantur.
1022 1206 1102 1283 Qua
1119 1207 1162 1269 de

215 1320 251 1364 re
276 1302 416 1382 praesul,
446 1302 519 1364 vice
545 1305 747 1366 mercenarii
771 1305 836 1366 sibi
860 1306 1002 1385 suisque
1025 1307 1162 1379 timens,

213 1400 338 1462 educto
366 1402 408 1462 de
437 1402 596 1462 custodia
619 1401 818 1476 Gausfrido,
848 1409 883 1465 et
913 1402 982 1464 illis
1013 1402 1161 1478 reddita,

213 1499 386 1561 voluntati
403 1498 536 1560 illorum
554 1499 657 1561 cedit.
704 1498 805 1574 Quod
824 1500 882 1561 ubi
898 1501 1003 1580 regiis
1019 1503 1161 1564 auribus

212 1599 426 1672 insonuerat,
441 1597 476 1658 in
499 1597 710 1678 episcopum,
731 1597 828 1658 velut
848 1599 884 1659 iu
906 1598 1075 1662 fautorem
1098 1601 1161 1662 iui-

211 1698 378 1759 micorum
402 1715 553 1771 suorum,
572 1695 766 1758 exardescit
788 1696 863 1758 ira:
893 1716 1006 1777 quem,
1025 1700 1162 1760 etiamsi

212 1796 324 1875 magis
358 1795 537 1858 discordiae
573 1814 678 1876 quam
705 1794 782 1875 paci
815 1814 874 1856 rex
907 1795 982 1875 ipse
1012 1797 1162 1872 cederet,

216 1890 348 1977 [illum]
373 1893 541 1974 pastorali
568 1894 692 1956 baculo
722 1893 867 1955 lbrtasse
894 1896 1059 1973 privaret.
1112 1895 1162 1958 At

212 1992 376 2070 quoniam
392 1990 519 2071 praesul
535 1999 676 2053 coactus
694 1997 728 2052 et
743 1992 870 2053 invitus
892 1992 927 2053 id
950 2002 1080 2072 egerat,
1097 2013 1161 2055 rex

211 2089 327 2151 locum
349 2089 443 2152 dedit
464 2089 536 2162 irae,
557 2091 793 2170 superquam,
803 2089 911 2170 juxta
934 2091 1161 2171 apostolicam

212 2189 432 2262 sententiam,
457 2187 636 2267 indignum
659 2193 711 2249 est
725 2194 765 2250 ut
779 2187 832 2249 sol
858 2188 965 2251 faciat
987 2207 1162 2254 occasum.

214 2284 314 2348 Fecit
330 2293 444 2348 autem
460 2305 522 2348 rex
537 2284 756 2365 postmodum
772 2287 863 2366 quod
885 2287 1028 2350 consilio
1044 2289 1161 2369 dispo-

213 2383 296 2458 suit,
312 2385 453 2446 mittens
475 2383 684 2445 Bathouiam
705 2384 956 2447 multitudinem
976 2388 1162 2463 exercitus,

213 2481 274 2562 qui
289 2482 452 2563 praesidio
467 2500 529 2543 suo
545 2481 719 2543 civitatem
741 2483 927 2545 muniendo
949 2485 993 2544 ab
1009 2483 1161 2546 hostium

212 2580 404 2660 irruptione
422 2579 654 2642 defenderent.
711 2579 791 2642 Non
809 2579 919 2643 multo
941 2588 1021 2662 post
1039 2602 1160 2645 versus
1173 2604 1267 2652 Stephen

213 2678 454 2758 Brycstowam
487 2697 549 2740 rex
579 2679 689 2740 movit
717 2680 920 2755 exercitum,
950 2680 1010 2742 ubi
1038 2681 1159 2744 iisdem
1173 2655 1301 2742 ‘Sillim

213 2775 415 2857 diebus,per
426 2777 596 2857 quendam
606 2776 741 2838 comitis
753 2777 1161 2861 cognatum,Philippum
1175 2797 1290 2837 riman,

214 2873 283 2936 Gai
313 2883 560 2956 nuncupatum,
593 2874 689 2937 velut
716 2894 760 2937 ex
786 2876 919 2939 inferno
948 2848 1308 2943 emerseruntliile‘ii‘⁰‘¹

214 2972 418 3036 Neroniana
451 2992 511 3036 seu
545 2973 699 3036 Deciana
730 2979 886 3055 tempora
911 2983 946 3037 et
978 2982 1160 3039 tormenta.
1176 2945 1304 3022 mum

214 3069 282 3134 Illo
308 3072 399 3133 enim
422 3078 558 3152 agente,
582 3077 764 3153 coeperunt
782 3072 865 3134 inibi
888 3073 1048 3154 primitus
1065 3074 1163 3136 adin-

213 3170 321 3231 veniri
338 3169 552 3232 diversorum
576 3171 782 3232 acerbitates
805 3178 1065 3247 tormentorum,
1083 3193 1162 3253 quae

212 3287 273 3347 per
295 3275 406 3330 totam
430 3267 595 3348 Angliam
625 3268 727 3348 longe
753 3267 893 3349 lateque
916 3269 1161 3347 disseminatae,

211 3366 409 3428 universam
433 3385 541 3447 prope
561 3367 634 3447 Jam
655 3366 698 3428 ad
718 3367 861 3428 nihilum
886 3369 1092 3448 redegerunt
1106 3371 1161 3431 in·

213 3464 337 3526 sulam.
391 3464 471 3526 Rex
486 3463 613 3544 igitur,¹
634 3465 781 3527 vastatis
797 3485 875 3546 quae
892 3467 927 3527 in
949 3467 1107 3543 circuitu,
1126 3476 1161 3531 et
1175 3486 1269 3544 stephan

213 3563 294 3641 igne
325 3563 513 3624 combustis
547 3563 648 3625 terris
682 3582 721 3625 ae
756 3564 848 3626 villis
882 3539 1268 3629 Glaucestrensisllliiil

212 3661 361 3734 comitis
381 3661 581 3740 aliquandiu
605 3661 786 3723 castellum
810 3664 957 3725 obsedit.
1012 3664 1161 3726 Demum
1175 3682 1289 3720 rainatas

1178 3732 1208 3770 sie
1223 3742 1241 3775 e,

210 3767 381 3838 pertaesus
405 3758 544 3821 diutinae
568 3759 767 3835 obsidionis,
785 3761 827 3822 ad
855 3761 924 3823 alia
948 3763 1085 3824 comitis
1106 3781 1163 3823 ca·
1178 3743 1324 3828 unllam.

244 3965 251 3995 ¹
274 3967 324 4014 Ubi
337 3965 422 4013 iisdem
435 4000 441 4014 .
453 4002 459 4014 .
470 4001 476 4014 .
487 3947 590 4026 igitur]
608 3964 675 4012 Aue.
700 3964 742 4011 the
754 3966 881 4012 atrocities
894 3965 953 4013 lrere
963 3966 1067 4014 alluded
1079 3972 1114 4029 to,
1122 3983 1165 4015 see

207 4038 266 4085 edit.
287 4039 316 4085 C.
328 4036 396 4086 omit.
426 4035 475 4082 For
486 4049 517 4082 an
530 4041 639 4082 account
650 4032 678 4080 oi
699 4034 760 4082 Sax.
771 4033 864 4082 Ghrou.
876 4048 899 4084 a.
913 4038 986 4082 113⁷.
