3074 4508
440 369 632 416 rnonnuru
660 367 942 415 wiconuinusis.
1100 351 1166 414 261

211 522 368 590 nostrum
408 548 514 609 grave
552 537 671 609 posset
702 529 860 608 generari
895 519 1098 609 periculum,
1131 537 1166 592 ct

211 627 414 707 corporibus
432 628 559 690 nostris
580 638 614 690 et
636 629 738 690 rebus
760 646 829 689 non
853 628 1033 689 minimum
1054 628 1164 690 immi-

212 733 309 787 neret
336 726 592 800 detrimentum,
625 735 755 789 sanctae
787 727 989 807 paternitati
1026 726 1162 808 suppli·

211 842 343 898 camus,
370 835 542 904 quatenus
575 825 677 887 alicui
706 824 1003 906 suffraganeorum
1030 825 1163 887 archie-

211 923 346 1003 piscopi
374 921 543 986 Cantuar.
578 924 667 986 detis
698 925 735 986 in
768 923 954 998 mandatis,
978 931 1018 986 ut
1040 943 1103 986 nos
1127 931 1162 986 et

211 1020 366 1083 haeredes
385 1032 522 1084 nostros
540 1021 585 1084 ad
600 1022 755 1103 praefatae
772 1023 868 1102 pacis
883 1023 1161 1084 observationem

211 1119 406 1198 compellat,
431 1127 535 1201 prout
565 1121 600 1183 in
628 1120 867 1183 instrumentis
893 1119 971 1182 inde
994 1119 1161 1183 consectis

210 1217 345 1298 plenius
364 1219 579 1292 continetur;
605 1220 692 1282 alias
708 1238 813 1299 super
828 1218 948 1282 eadem
964 1237 1050 1299 pace
1069 1219 1161 1299 quod

210 1318 413 1379 canonicum
449 1318 554 1381 fuerit
597 1320 806 1381 auctoritate
840 1326 958 1381 vestra
998 1318 1162 1380 statuatis

209 1415 494 1492 contradictores,
532 1424 599 1479 etc.
669 1417 716 1478 Et
755 1417 800 1478 ad
839 1416 940 1478 istius
981 1417 1161 1495 petitionis

209 1521 338 1575 nostrae
361 1515 687 1577 consummationem
707 1515 871 1595 praesenti
892 1515 1022 1594 scripto
1045 1513 1162 1595 sigilla

209 1623 328 1675 nostra
344 1614 580 1694 apposuimus

253 1711 356 1774 Anno
396 1714 518 1793 gratia:
559 1727 723 1774 nacxmu
763 1711 887 1774 statuit
930 1730 994 1773 rex
1038 1710 1278 1792 Ricar-Wfflpm,

209 1810 287 1882 dus
323 1810 411 1873 diem
441 1811 661 1873 coronatonis
694 1829 767 1872 suae
803 1809 894 1890 apud
920 1795 1284 1892 Wintouiam,¹¹s‘{¹,¹,{‘1,⁰,{d‚

206 1908 242 1969 in
263 1908 393 1971 Clauso
412 1908 558 1971 Paschae
582 1908 641 1987 [17
656 1906 773 1988 Apr.].
819 1908 979 1971 Secundo
1005 1909 1059 1971 die
1083 1928 1161 1989 per·
1174 1894 1293 1982 ffirm-

208 2008 302 2068 rexit
333 2027 397 2069 rex
427 2025 539 2088 usque
567 2005 749 2086 Clypston,
779 2015 902 2069 contra
934 1993 1326 2089 Willelmum,¹5‘„'ss2¹,¹{','1„d‚

208 2124 327 2186 regem
353 2105 492 2180 Scotiae,
519 2111 555 2167 et
579 2105 680 2186 petiit
707 2122 826 2167 omnes
851 2101 911 2186 qui
929 2091 1304 2186 captie1·ant²1*,',3f¹{ssl*

207 2202 242 2265 in
280 2205 430 2268 castellis
472 2204 515 2267 de
553 2202 769 2284 Notingham
803 2212 839 2266 et
878 2204 920 2266 de
965 2202 1085 2285 Tykill
1129 2190 1313 2266 etmwlk'·

212 2302 411 2383 Marleberg
453 2311 488 2366 et
532 2301 760 2383 Longcastre,
802 2311 838 2366 et
878 2304 915 2366 in
961 2302 1084 2366 Monte
1125 2301 1161 2365 S.

210 2400 406 2477 MichaeliS,
429 2402 523 2482 quod
541 2402 765 2465 convenirent
783 2402 827 2464 ad
844 2421 923 2465 eum
938 2401 1030 2483 apud
1048 2401 1161 2482 Wyn·

209 2500 340 2561 toniam
369 2501 405 2562 in
430 2502 584 2563 crastino
611 2498 732 2563 Clausi
758 2501 916 2564 Paschae.
969 2499 1088 2563 Tertio
1106 2500 1162 2562 die

209 2597 364 2678 ejusdem
391 2599 529 2675 mensiS,
554 2598 738 2662 Dominica
764 2599 800 2662 in
827 2598 972 2675 PalmiS,
990 2599 1073 2661 fecit
1096 2617 1161 2661 rex

208 2695 355 2777 Angliae
374 2716 505 2761 moram
541 2697 634 2779 apud
663 2697 848 2779 Clypston,
874 2705 910 2761 et
938 2692 1001 2760 rex
1032 2696 1160 2760 Scotiae

210 2795 302 2876 apud
329 2795 505 2878 Wirsope,
532 2803 674 2877 propter
697 2797 787 2859 diem
817 2796 1025 2860 solemnem:
1059 2803 1096 2858 et
1124 2796 1161 2856 in

209 2894 362 2958 crastino
399 2904 544 2975 uterque
594 2913 657 2956 rex
697 2897 792 2958 venit
834 2894 927 2976 apud
957 2892 1159 2958 vSuthrrell:

210 2994 332 3072 quinto
356 2992 410 3056 die
428 2993 584 3075 ejusdem
599 2993 738 3068 mensim
753 2993 856 3055 iidem
873 3011 974 3073 reges
992 2998 1162 3054 venerunt

209 3091 301 3171 apud
328 3090 537 3167 Maitonam,
567 3091 627 3153 ubi
656 3109 720 3153 rex
751 3091 878 3153 Scotiae
905 3091 1005 3172 petiit
1034 3108 1055 3151 a
1078 3109 1161 3169 rege

208 3188 348 3269 Angliae
377 3189 563 3269 dignitates
595 3196 630 3252 et
659 3188 820 3264 honores,
849 3208 936 3270 quos
968 3188 1161 3269 praedeces-

209 3307 305 3350 sores
321 3287 375 3349 sui
394 3287 591 3350 habuerunt
605 3288 640 3348 in
659 3284 801 3368 Anglia.
854 3286 969 3350 Petiit.
984 3287 1074 3348 idem
1097 3306 1161 3349 rex

208 3388 412 3449 comitatum
454 3385 715 3449 Northumbriae
751 3393 787 3448 et
818 3383 1093 3448 Cumberlandiae
1127 3394 1162 3448 et

208 3484 510 3547 Westmerlandiae
544 3492 580 3546 et
613 3484 808 3547 comitatem
844 3483 886 3545 de
921 3483 1162 3563 Longcastriae

206 3584 272 3644 sibi
290 3583 386 3646 reddi
407 3585 449 3646 de
471 3584 562 3665 jure.
577 3582 869 3665 praedecessorum
890 3602 1042 3645 suorum.
1097 3581 1163 3644 Cui

207 3700 270 3743 rex
296 3682 435 3762 Angliae
459 3682 650 3761 respondit,
676 3700 713 3743 se
738 3681 998 3744 satisfacturum
1027 3680 1057 3742 ei
1081 3686 1163 3759 post

207 3780 390 3842 consilium
400 3781 567 3842 baronum
584 3797 735 3841 suorum.
769 3778 925 3858 Septimo
939 3778 994 3839 die
1008 3776 1161 3858 ejusdem

243 3962 249 3990 ¹
274 3961 447 4024 Willwnlssmd
472 3961 536 4007 This
555 3974 610 4007 ‘¹⁴³⁸
629 3959 672 4005 Μ’
737 3989 839 4053 ²Capti
861 3988 961 4051 erana]
991 3990 1073 4037 These
1096 4003 1165 4038 were

207 4033 309 4081 chard's
327 4031 420 4080 second
437 4029 592 4089 coronation‚
609 4028 675 4076 alter
702 4062 743 4111 the
757 4063 885 4123 parumne
894 4060 922 4108 os
931 4059 971 4108 his
980 4059 1080 4107 brother
1086 4058 1165 4108 John·

206 4104 247 4150 his
259 4107 345 4150 return
357 4102 419 4150 lrom
432 4101 474 4148 the
486 4099 604 4148 crusade.
