3074 4508
340 328 406 392 130
589 341 837 390 concinunrro
862 343 1037 391 ennorucr

176 518 284 560 narina
341 503 562 585 imperatrix,
580 502 724 566 Henrici
741 501 834 581 regis
850 497 934 574 filia,
952 518 1029 580 quae
1047 501 1090 562 ob
1106 498 1294 562 illiusmodi

176 575 316 664 ἶῗῖιῖἷοειιτ.
343 613 507 666 eventum
526 602 746 665 vehementer
772 598 981 672 exhilarata,
1003 605 1124 679 utpote
1149 616 1294 678 regnum

345 702 411 764 sihi
426 701 598 783 juratum,
624 700 714 762 sicut
740 700 806 761 sibi
834 698 1029 772 videbatur,
1051 696 1125 779 jam
1153 696 1293 776 adepta,

346 798 466 860 habito
490 817 568 860 cum
597 799 669 858 suis
694 797 851 871 consilio,
875 797 997 877 quinta
1021 795 1108 858 feria
1136 801 1215 876 post
1239 812 1297 856 ac-

347 902 468 975 ceptos
488 895 633 957 Cineres
648 889 705 975 [17
722 893 823 979 Fen]
836 913 883 957 ex
897 896 982 957 urbe
997 894 1176 968 secedens,
1192 892 1298 956 comi·

348 991 503 1055 tantibus
521 1010 637 1054 secum
661 992 794 1054 duobus
815 993 1001 1072 episcopis,
1020 993 1201 1055 Bernardo
1220 990 1296 1053 Mc-

348 1089 491 1152 ncvensi
507 1099 542 1152 et
561 1089 702 1170 Nigello
720 1088 863 1163 Elicnsi,
879 1098 914 1151 et
939 1089 1149 1165 Gisleberto,
1172 1089 1297 1151 abbate

349 1187 575 1263 Glaornensi,
591 1206 668 1249 cum
685 1187 871 1249 baronibus
886 1188 1018 1261 multis,
1036 1206 1114 1250 cum
1130 1186 1297 1250 militibus

347 1305 389 1350 ac
413 1287 594 1362 ministris,
621 1284 902 1349 Ciricestrensem
926 1285 1012 1348 adiit
1029 1286 1227 1362 civitatem3
1250 1284 1298 1346 ibi

347 1387 496 1467 primum
515 1393 596 1467 post
612 1391 746 1447 tantum
764 1384 929 1464 gaudium
949 1384 1079 1446 habens
1097 1383 1298 1464 hospitium,

349 1484 452 1546 simul
483 1494 520 1548 et
550 1484 704 1567 ejusdem
735 1483 887 1545 civitatis
921 1501 1059 1545 sumens
1094 1482 1296 1545 dominium.

184 1599 226 1636 ann
237 1598 314 1655 thence
351 1581 438 1644 Inde
453 1584 630 1657 secedens,
648 1602 726 1644 cum
742 1582 1038 1662 appropinquaret
1056 1582 1100 1644 ad
1121 1581 1296 1644 civitatem

185 1646 276 1735 310inss
349 1677 555 1755 wintoniae,
577 1689 762 1742 occurrunt
785 1678 836 1740 illi
867 1698 944 1741 cum
971 1680 1084 1758 gloria
1109 1690 1145 1741 et
1172 1695 1300 1758 pompa

349 1776 537 1855 magnifica
552 1777 718 1856 praesules
740 1794 828 1854 pene
854 1777 960 1837 totius
976 1775 1130 1855 Angliae‚
1152 1777 1300 1838 barones

350 1872 465 1956 multi,
492 1873 665 1955 principes
692 1871 845 1954 plurimi,
873 1873 1001 1936 milites
1027 1874 1211 1950 innumeri,
1239 1873 1300 1935 ab·

349 1973 450 2035 bates
484 1991 562 2036 cum
603 1973 675 2034 suis
708 1971 848 2047 diversi,
881 1990 926 2034 ex
960 1972 1079 2035 eadem
1113 1973 1199 2036 urbe
1232 1972 1302 2035 dno

351 2082 545 2134 conventus
562 2070 820 2144 monachorum,
837 2071 962 2132 tertius
975 2071 1301 2144 sanctimonialium,
1334 2069 1338 2077 '

352 2187 430 2230 cum
447 2168 761 2248 processionalibus
776 2166 935 2229 melodiis
950 2175 985 2230 et
1000 2168 1175 2242 laudibus,
1189 2168 1302 2230 clerus

352 2266 449 2327 urbis
470 2285 549 2328 cum
577 2265 711 2328 civibus
736 2270 772 2325 et
796 2264 935 2343 populis
958 2265 1109 2329 multis·
1136 2264 1303 2328 Traditur

351 2363 472 2442 itaque
495 2362 573 2444 ejus
593 2361 738 2442 imperio
760 2362 844 2423 urbs
867 2362 1081 2426 nobilissima
1098 2362 1303 2437 Wintoniae,

186 2478 326 2519 narniam
352 2460 457 2522 datur
486 2461 563 2542 ejus
590 2459 742 2523 dominio
773 2478 905 2523 corona
936 2462 1034 2541 regni
1063 2461 1223 2543 Angliae3
1257 2461 1302 2523 ab

186 2539 215 2568 cn
224 2529 264 2568 her
273 2528 310 2567 ad·
355 2559 362 2572 .
695 2558 702 2570 .
894 2560 902 2572 .
1036 2559 1042 2574 .
1164 2559 1171 2574 .
1374 2558 1376 2561 -

187 2577 294 2617 imane·
303 2577 332 2625 ny
352 2577 429 2639 ipso
445 2557 564 2639 legato
578 2557 832 2621 maledicuntur
843 2577 904 2638 qur
919 2559 1303 2635 maledicuntc1,bene·

187 2626 331 2716 ilhlltlh.
352 2657 516 2719 dicuntur
548 2657 608 2737 qui
639 2655 850 2719 benedicunt
881 2656 924 2731 ei,
956 2659 1303 2721 excommunicantur

353 2753 643 2827 contradicentes,
678 2752 907 2816 absolvuntur
943 2754 1019 2837 ejus
1052 2755 1204 2837 jussioni
1239 2773 1302 2835 pa·

109 2916 111 2919 ,
187 2870 321 2955 saproc-to
353 2858 480 2913 rentes.
533 2849 565 2914 A
589 2851 772 2914 Wintonia
793 2870 936 2932 egressa
958 2870 1037 2914 cum
1058 2855 1132 2916 suis
1149 2851 1303 2916 officiali-

187 2918 274 2963 W¹‘⁰''’
354 2951 418 3011 nus
435 2948 587 3023 domina,
608 2948 681 3012 anit
697 2948 917 3024 wiltoniam,
934 2951 995 3012 ubi
1014 2950 1058 3013 aa
1080 2951 1303 3014 salutandum

353 3065 429 3109 eam
444 3046 706 3109 Cantuariensis
718 3047 817 3109 affuit
831 3047 1056 3127 archipraesul
1070 3049 1304 3113 Theobaldus.

353 3144 505 3207 Affiuxit
521 3151 642 3207 ettam
658 3145 801 3224 copiosa
817 3146 1027 3224 populorum
1043 3145 1249 3227 frequentia,
1264 3154 1306 3210 ut

353 3261 426 3323 prae
436 3242 660 3305 multitudine
672 3241 921 3304 introeuntium
932 3244 994 3305 vix
1007 3243 1181 3308 sufficeret
1191 3246 1306 3308 aditus
1388 3285 1391 3292 -

187 3357 325 3405 concinna,
354 3349 546 3420 portarurn.
595 3339 683 3402 Inde
696 3338 771 3421 jam
785 3342 938 3419 peractis
955 3341 1053 3403 festis
1069 3343 1305 3422 paschalibus,

355 3437 399 3499 ad
416 3436 619 3517 Radingum
635 3436 727 3499 infra
739 3436 958 3517 Rogationes
975 3439 1013 3519 [4
1029 3438 1134 3520 Maii]
1151 3441 1304 3516 veniens,

357 3535 548 3614 suscipitur
571 3554 650 3597 curn
671 3534 870 3609 honoribus
889 3535 1068 3599 hincinde
1091 3538 1305 3618 principibus

206 3696 210 3704 ,
357 3651 436 3694 cum
462 3631 601 3712 populis
630 3631 675 3694 ad
705 3633 781 3713 ejus
813 3633 996 3713 imperium
1025 3635 1304 3699 convolantibus.

188 3746 232 3786 rna
245 3746 333 3786 oxma.
355 3729 572 3793 Convenitur
584 3730 632 3792 ibi
649 3730 693 3792 ab
707 3729 827 3796 eadem
842 3730 885 3794 de
900 3732 1113 3813 principibus
1132 3753 1232 3808 unus,
1244 3754 1306 3797 vo·

352 3826 478 3890 cabulo
497 3827 675 3890 Robertus
699 3828 742 3890 dc
764 3827 878 3904 Oleio,
902 3829 945 3891 de
967 3831 1142 3895 reddendo
1168 3832 1307 3895 Oxene·

351 3926 505 3988 fordensi
534 3925 701 3998 castello;
738 3946 808 4007 quo
837 3928 1085 4004 consentiente,
1113 3930 1208 3991 venit
1235 3929 1307 4005 illa,

351 4024 530 4102 totiusque
561 4024 714 4087 civitatis
762 4033 798 4086 et
841 4026 1120 4107 circumjacentis
1153 4027 1325 4106 regionis
