3074 4508
436 351 628 398 rnoauuru
655 351 935 399 wrconurnusrs.
984 423 985 426 Ἴ
1099 338 1164 399 147

209 503 338 566 doloris
378 507 510 568 excitat
543 508 710 569 inauditae
749 508 888 569 novitas
920 507 1160 569 crudelitatis:

210 621 316 681 quum
342 605 375 665 in
403 613 562 667 sanctum
592 606 660 667 Dei
685 607 866 684 insurgens
895 605 1109 685 malignitas,
1126 606 1161 666 in

210 702 379 780 pupillam
411 702 541 765 Christi
576 704 728 782 gladium
759 703 886 777 infixit,
918 715 952 765 et
986 703 1162 766 lucernam

116 835 118 838 -
211 798 474 863 Cantuariensis
494 801 648 864 ecclesiae
672 821 740 863 non
761 809 832 864 tam
851 803 1039 864 crudeliter
1056 821 1161 883 quam

206 898 355 977 turpiter
380 900 573 981 jugulavit.
620 900 804 962 Excitctur
831 903 1017 980 exquisitae
1049 920 1160 979 genus

204 996 367 1076 justitiae,
399 997 592 1060 denudetur
622 999 759 1077 gladius
794 997 891 1059 Petri
923 998 960 1059 in
991 999 1158 1061 ultionem

211 1093 472 1157 Cantuariensis
498 1098 684 1176 martyris;
708 1097 791 1175 quia
820 1097 963 1176 sanguis
990 1097 1066 1178 ejus
1097 1117 1160 1177 pro

209 1194 398 1256 universali
426 1195 556 1257 clamat
582 1194 740 1269 ecclesia,
766 1213 834 1257 non
863 1202 933 1257 tam
963 1196 1029 1258 sibi
1054 1215 1159 1276 qnam

209 1292 382 1355 universae
398 1293 553 1356 ecclesiae
569 1312 781 1374 conquerens
798 1294 840 1356 de
858 1294 1022 1357 vindicta.
1069 1294 1159 1357 Ecce

209 1389 251 1450 ad
277 1391 450 1453 tumulum
477 1394 661 1470 agonistae,
684 1401 722 1453 ut
747 1392 939 1454 revelatum
966 1402 1021 1456 est
1047 1393 1159 1467 nobiS,

208 1486 326 1550 divina
349 1490 385 1550 in
407 1490 583 1551 miraculis
605 1490 780 1551 revelatur
796 1490 919 1567 gloria,
937 1500 973 1553 et
991 1491 1158 1553 divinitus

208 1586 468 1649 demonstratur
485 1589 543 1649 ubi
559 1588 756 1649 humanitas
772 1588 960 1667 requiescit
976 1608 1039 1668 pro
1057 1589 1158 1669 cujus

208 1686 346 1748 nornine
377 1685 582 1749 decertavit.
636 1685 781 1748 Latores
810 1705 892 1748 vero
920 1689 1159 1767 praesentium,

208 1793 308 1862 patre
332 1786 458 1859 orbati,
485 1794 610 1847 vestrae
636 1784 763 1847 Pietati
787 1785 910 1847 seriem
937 1785 1158 1849 indicabunt:

208 1889 242 1942 et
275 1884 475 1965 testimopio
500 1885 658 1945 veritatis
689 1901 808 1944 aurem
831 1883 994 1946 adhibete
1017 1884 1159 1946 mitissi-

208 1997 311 2054 mam,
328 1988 364 2042 et
383 1988 455 2042 tam
470 1981 512 2042 de
527 1981 595 2042 isto
612 1981 754 2058 negotio
771 1998 875 2059 quam
900 1980 942 2042 da
967 1982 1057 2055 aliis,
1074 1983 1159 2062 ipsis

208 2083 376 2157 tanquam
391 2078 491 2140 nobis
507 2077 650 2140 credite.
703 2076 830 2140 Valete
847 2077 969 2140 Pietas
987 2086 1116 2142 vestra.

168 2278 173 2285 ’
221 2282 357 2329 QUOMODO
380 2285 440 2325 REX
461 2284 528 2324 POST
549 2283 669 2322 MORTEM
689 2283 790 2323 educat
810 2284 918 2324 THOMAE
939 2285 978 2325 AD
1000 2285 1147 2326 Romanum

522 2363 697 2402 Ponamcnm
717 2362 842 2403 amunta.

259 2478 386 2559 Itaque
409 2479 490 2541 dum
513 2478 589 2540 haec
613 2479 746 2553 fierent,
774 2478 935 2542 dominns
966 2479 1160 2542 Rothoma-
1174 2497 1325 2546 nene-enas

208 2576 337 2655 gensiS,
356 2584 392 2639 et
410 2577 569 2639 dominus
588 2575 832 2652 Ebroicensis,¹
855 2584 891 2639 et
909 2577 1069 2640 dominns
1083 2577 1156 2640 Wi-
1173 2551 1288 2646 ἶιῗῖἷξῖἷῗ

208 2676 404 2754 gornensis,
421 2683 457 2738 et
473 2674 647 2737 Ricardus
664 2675 785 2750 Barre,
805 2683 841 2737 et
865 2677 1007 2756 quidam
1032 2674 1091 2737 alii
1117 2675 1160 2738 de

208 2772 342 2835 clericis
367 2784 403 2836 et
418 2773 647 2836 familiaribus
670 2773 774 2852 regia,
790 2774 856 2836 iter
876 2775 1099 2856 arripuerunt
1115 2774 1158 2836 ad

208 2869 408 2934 Romanum
424 2871 635 2952 pontificem,
649 2890 712 2952 pro
726 2871 803 2951 ipso
820 2890 912 2952 rege,
927 2879 962 2934 et
973 2892 1036 2953 pro
1050 2891 1160 2951 regno

209 2969 296 3049 ejus.
350 2970 418 3032 Sed
438 2970 598 3033 dominns
616 2969 911 3047 Rothomagensis
934 2971 1032 3031 senio
1055 2971 1157 3069 etpu-

208 3066 374 3129 firmitate
402 3067 578 3142 laborans,
607 3087 684 3130 cnm
707 3066 781 3148 jam
813 3067 884 3128 sere
907 3068 1058 3130 mediam
1082 3087 1160 3148 per·
1225 3132 1228 3143 ,

209 3166 338 3243 egisset
361 3167 466 3239 viam,
490 3163 634 3226 ulterius
657 3164 842 3245 procedere
865 3183 932 3226 non
955 3165 1083 3244 potuit,
1101 3165 1161 3227 sed

207 3263 242 3323 in
269 3263 523 3325 Narmanniam
547 3263 730 3324 adsedem
754 3262 929 3340 propriam
949 3262 1063 3324 rediit.
1116 3262 1163 3324 Et

207 3361 366 3440 praedicti
381 3360 535 3440 episcopi
552 3378 629 3421 cnm
646 3360 780 3422 clericis
796 3360 889 3438 regis
905 3366 1161 3439 processerunt,

209 3467 243 3519 et
272 3477 294 3519 a
324 3477 459 3520 summo
492 3459 656 3539 pontifice
687 3476 766 3518 cum
798 3475 926 3538 magna
959 3457 1163 3519 difficultate

207 3557 495 3636 impetraverunt,
520 3556 614 3637 quod
643 3556 711 3617 duo
739 3556 946 3630 cardinales,
974 3575 1021 3618 sc.
1047 3555 1163 3617 Theo-

209 3654 310 3715 dinus
329 3663 364 3716 et
383 3655 551 3717 Albertus
575 3673 618 3715 ex
640 3661 738 3733 parte
754 3653 830 3735 ejus
849 3655 884 3715 in
909 3652 1162 3715 Normanniam

208 3753 380 3824 venirent,
405 3753 448 3814 ad
478 3752 754 3830 cognoscendam
779 3770 920 3814 cansam
946 3770 1024 3832 quae
1049 3758 1162 3811 verte·

210 3850 313 3911 batur
341 3850 572 3928 interregem
597 3857 631 3910 et
656 3850 837 3911 ecclesiam
863 3847 1163 3921 cantuariensem,

430 4062 436 4093 ¹
457 4063 631 4126 libramentis]
650 4063 687 4112 Of
696 4064 822 4125 Ebroicae,
834 4065 948 4117 Evreux.

990 4170 1003 4203 n
1020 4161 1035 4204 2
