3074 4508
355 310 422 373 124
607 326 858 376 cobrrnuarro
882 326 1055 374 canonrcr

188 501 283 550 bohen
353 507 471 553 comes
502 487 748 569 wigornensis
781 506 858 550 cum
891 486 1013 565 grandi
1045 484 1197 548 exercitu
1228 481 1305 548 Wi-

188 561 239 597 κοοι
249 555 270 589 to

189 600 309 691 22:1¹1}ng
353 607 501 669 gornam
529 588 681 663 veniunt,
715 594 751 650 et
779 585 927 650 evolutis
958 583 1144 664 aliquantis
1171 583 1305 656 diebus,

189 700 244 740 ford·
353 689 451 768 prius
479 705 608 762 comeS,
635 694 759 768 postea
783 705 858 760 rex,
885 704 962 747 cum
988 683 1141 747 maxima
1163 681 1305 762 expedi·

353 787 449 848 tione
475 804 620 867 parvam
648 785 775 848 adeunt
802 784 1057 859 Heresordiam,
1085 781 1201 844 hostes
1224 797 1306 842 suos

187 896 332 987 T,‘'',{⁶¹23¹,3
353 883 530 946 hincinde
553 884 801 965 expugnaturi.
853 882 1016 946 Morante
1034 882 1152 962 itaque
1173 898 1254 960 rege
1268 878 1305 940 iu

186 957 422 1085 {plliln'sslis
453 981 622 1061 partibus,
647 1000 762 1044 comes
787 1000 919 1044 memor
946 980 1150 1063 injuriarum
1178 977 1304 1040 civium

214 1052 313 1087 m*
352 1097 508 1153 suorum,
522 1078 557 1139 in
574 1078 675 1158 gravi
697 1078 918 1141 multitudine
939 1084 1149 1141 armatorum
1171 1074 1305 1138 Teode·

352 1175 552 1258 kesbyriam
578 1174 726 1251 invadit,
758 1175 976 1256 magnificam
1006 1175 1143 1237 domum
1177 1171 1304 1236 Glaor-

351 1276 469 1338 nensis
493 1275 642 1350 comitis
676 1281 712 1337 et
744 1274 861 1337 omnia
890 1293 969 1354 quae
996 1272 1202 1336 incircuitu
1227 1271 1304 1352 ejus

352 1382 465 1450 erant,
479 1373 695 1455 quorundam
712 1373 815 1436 etiam
831 1369 993 1436 aliorum¹
1010 1371 1091 1452 igne
1105 1371 1306 1446 combussit,

351 1473 501 1536 miliario
530 1493 600 1536 uno
626 1473 779 1536 distante
806 1491 828 1535 a
857 1470 1023 1535 Glaorna.
1075 1469 1201 1533 Victus
1227 1487 1304 1550 pre-

352 1572 450 1634 cibus
478 1572 609 1634 domini
635 1572 773 1633 abbatis
797 1570 1150 1652 Teodekesbyrieusis
1172 1575 1207 1631 et
1234 1568 1304 1629 fra-

351 1676 457 1742 trum,
494 1671 597 1731 rebus
635 1669 774 1730 illorum
813 1671 978 1749 pepercit.
1050 1666 1131 1730 Nou
1167 1666 1304 1728 modica

352 1766 473 1846 praeda
503 1774 618 1845 capta,
645 1772 718 1827 tam
744 1766 786 1827 de
813 1765 1007 1827 hominibus
1032 1772 1068 1826 et
1096 1763 1305 1843 supellectili

351 1882 484 1938 eorum,
507 1881 613 1944 quam
637 1863 679 1925 de
703 1863 922 1939 animalibus,
945 1872 1104 1943 respectu
1125 1881 1208 1926 mox
1235 1861 1305 1925 cle-

351 1962 474 2038 menti,
490 1962 551 2043 qui
577 1962 709 2042 captivi
732 1961 959 2037 ducebantur,
981 1981 1003 2025 a
1027 1961 1172 2024 vinculis
1197 1959 1305 2023 soluti

351 2060 396 2122 ad
412 2079 478 2123 sua
492 2060 605 2124 redire
616 2061 733 2143 jussit,
752 2068 788 2123 et
803 2061 953 2124 crastino
972 2061 1174 2140 Wigornam
1191 2059 1304 2134 rediit,

351 2165 554 2222 contestans
576 2159 736 2222 omnibus
758 2177 877 2221 senec
897 2159 934 2219 in
954 2157 990 2220 N
992 2159 1170 2220 ormannia
1189 2155 1305 2219 necin

352 2253 486 2336 Anglia
508 2262 643 2318 tantam
666 2255 939 2319 combustionem
955 2256 1016 2317 vix
1037 2273 1190 2336 unquam
1206 2272 1306 2335 pere·

352 2353 459 2433 gisse.
513 2353 594 2416 Rex
619 2359 735 2416 autem
753 2353 888 2416 rediens
912 2353 1131 2433 Wigornam,
1150 2352 1200 2415 ire
1227 2371 1305 2433 per-

187 2466 330 2516 ericebr·
352 2451 448 2514 rexit
490 2449 775 2516 Oxenefordiam,
844 2451 1072 2533 Supradictus
1112 2451 1306 2514 Mauricius

188 2516 213 2555 ol
220 2516 306 2564 Bangor

187 2566 240 2654 3312
240 2565 326 2654 pm
354 2549 611 2630 Bangornensi,
633 2557 670 2613 et
690 2549 869 2614 Uhtredus
895 2550 1127 2614 Laudaviensi
1152 2549 1307 2613 ecclesiae

187 2665 335 2704 eon-eomer.
353 2649 521 2729 praesules
539 2666 561 2710 a
583 2646 787 2711 Theobaldo
802 2648 1048 2730 archipraesule
1064 2647 1308 2722 Doruberniae,

352 2743 586 2827 praesentibus
616 2747 790 2828 episcopis
822 2746 1073 2811 Herefordensi
1100 2755 1137 2809 et
1173 2745 1308 2809 Exece-

352 2844 493 2919 strensi,
512 2851 770 2908 consecrantur.
823 2845 904 2908 Rex
922 2843 1138 2908 Wintoniam
1155 2844 1308 2919 veniens,

353 2942 500 3004 consilio
526 2939 696 3005 baronum
717 2960 872 3019 suorum,
901 2943 1108 3007 cancellario
1135 2960 1200 3004 suo
1224 2941 1310 3004 Phi-

353 3039 450 3120 lippo
477 3039 795 3122 Searesbyriensem
826 3042 1064 3122 praesulatum,
1092 3046 1128 3102 et
1153 3039 1309 3102 Heurico

354 3137 493 3201 cuidam
525 3138 709 3214 monacho,
735 3148 885 3217 cognato
916 3158 992 3214 suo,
1022 3138 1308 3201 Fescamnensem

192 3244 322 3295 Aurelius
355 3236 532 3299 abbatiam
560 3230 682 3300 dedit.²
750 3236 900 3320 Eclipsis
929 3238 1025 3313 solis,
1053 3237 1135 3299 dum
1163 3235 1310 3299 caudam

355 3333 441 3397 luna
456 3334 617 3398 draconis
634 3341 798 3415 occupat,
813 3345 867 3398 est
888 3336 994 3412 facta,
1012 3343 1118 3416 caput
1140 3335 1217 3414 ipso
1232 3333 1310 3396 luce

355 3428 560 3512 premente.3

390 3635 399 3715 ,ι
417 3634 556 3714 Alimm']
570 3634 668 3683 D⁰m⁰⁵
677 3650 735 3684 ⁰⁰⁰¹
747 3637 824 3684 ΓΜ
885 3667 1192 3733 ’Eclipsis...premmte.]
1201 3670 1315 3731 Eclipsis

355 3718 420 3752 surs.
439 3704 505 3752 Aac.
518 3705 577 3752 edet.

391 3770 402 3799 2
417 3772 550 3821 Abbatiam
571 3771 660 3833 pedib]
691 3771 742 3820 Sed
762 3772 826 3819 phi·
849 3740 911 3788 solis
935 3740 1003 3788 fecta
1026 3745 1065 3788 est
1087 3751 1125 3788 xr.
1144 3739 1198 3788 kal.
1214 3740 1315 3800 Aprilis

355 3843 443 3903 lippus
454 3856 471 3890 a
488 3842 572 3903 legato
583 3847 609 3890 et
620 3842 687 3890 clero
699 3856 748 3890 uon
759 3843 825 3889 reci·
850 3809 894 3871 [²²
915 3808 1007 3871 Mar·]’
1024 3809 1089 3857 seria
1106 3808 1228 3869 ³⁹⁰⁰⁰d³’
1246 3808 1316 3856 cim

354 3911 573 3972 pitur,uudeinde
580 3916 738 3970 assumptus,
747 3911 822 3958 Baio·
849 3878 936 3995 33:2¹¹}
954 3879 1133 3996 (ἒξιῶῑώὲῗῑ
1151 3877 1246 3993 ξτῗιξῃ
1258 3875 1315 3993 {a

354 3981 426 4029 censi
447 3980 564 4028 ecclesiae
588 3985 647 4040 post
663 3980 823 4039 aliquantum
850 4017 856 4028 .

354 4054 456 4109 tempus
468 4049 616 4109 proficitur.
637 4048 703 4098 Auo.
716 4049 775 4098 edit.
849 4031 856 4063 ¹
876 4017 894 4062 k
