3074 4508
359 336 423 399 126
606 353 854 402 commoneto
878 355 1054 403 ouuomm

191 517 330 616 mppr·
357 512 562 592 seminem
589 519 760 595 tangeret,
777 512 959 593 ignorante
976 510 1114 585 comite,
1137 527 1213 572 cum
1230 508 1303 570 suis

191 617 291 706 mg
358 609 400 671 ad
421 611 562 675 Divisas
577 631 615 676 se
633 611 801 688 contulit3
824 609 883 673 ubi
904 609 1000 690 prius
1018 607 1094 691 jam
1111 607 1203 670 facta
1220 625 1304 669 con·

286 694 292 706 ’
358 709 520 773 ventione
540 711 629 773 inter
647 729 684 772 se
701 720 735 773 et
756 728 850 784 suos,
869 710 898 771 si
924 707 1106 772 castellum
1121 705 1303 780 obtineret,

357 808 483 869 nemini
517 825 668 888 unquam
709 808 923 883 tradendum,
960 808 1040 869 dolo
1077 803 1303 884 malignitatis

356 922 492 965 murum
515 905 682 981 ascendit,
706 907 810 986 regiis
828 906 996 969 militibus
1013 905 1073 986 qui
1095 904 1190 967 intus
1204 909 1305 965 erant

357 1001 494 1081 signum
529 1003 625 1066 dedit
653 1003 815 1077 victoriae,
841 1003 921 1066 hino
950 1022 995 1066 ex
1024 1001 1211 1083 improviso
1240 1018 1302 1061 ex-

356 1099 484 1162 teriora
505 1101 650 1164 castella
675 1101 879 1180 penetravit,
894 1101 931 1162 in
953 1101 1069 1180 plures
1086 1096 1303 1181 tyrannidem

356 1198 524 1261 exercuit.
560 1197 696 1275 Quarta
707 1199 830 1261 debinc
845 1198 912 1273 die,
925 1199 959 1260 vi
970 1204 1004 1260 et
1023 1197 1212 1260 calliditate
1228 1215 1303 1258 ma-

354 1295 471 1359 litiosa
497 1298 619 1359 turrim
645 1297 839 1360 interiorem
871 1296 1114 1377 possidendam
1148 1293 1301 1372 invadit3

355 1402 390 1458 et
407 1395 553 1476 singulis
571 1395 692 1458 diebus
711 1414 751 1458 ao
766 1394 938 1470 noctibus,
953 1393 990 1456 in
1005 1392 1208 1458 extollentia
1224 1411 1300 1455 cor-

353 1493 407 1556 dis
424 1495 543 1557 ubiubi
564 1495 679 1558 omnia
702 1493 872 1570 devastat,
898 1501 932 1557 et
949 1493 1044 1556 mala
1060 1509 1139 1574 quae
1161 1497 1300 1574 poterat

189 1600 305 1639 sseinast
354 1609 457 1671 agere
482 1611 549 1655 non
573 1601 695 1656 cessat.
746 1592 900 1655 Tandem
924 1592 967 1654 ad
991 1591 1201 1664 Johannem,
1223 1588 1300 1652 illu·

187 1650 340 1748 3¹33,ssssssssss
353 1690 435 1750 stris
464 1691 596 1752 militiae
619 1692 742 1765 virum,
763 1692 823 1771 qui
846 1697 931 1752 tunc
954 1691 988 1752 in
1016 1690 1108 1770 regis
1134 1687 1300 1750 fidelitate

188 1747 291 1835 gitffifl·
352 1783 619 1849 Merleberiense
649 1787 828 1850 castellum
861 1788 1083 1861 observabat,
1115 1785 1301 1861 divertenS,

187 1846 241 1891 eea,
350 1890 391 1945 ut
408 1901 472 1944 suo
488 1884 645 1959 consilio,
660 1883 763 1946 immo
779 1883 907 1959 insilio,
922 1883 1117 1947 consentiat
1132 1890 1168 1946 et
1182 1902 1299 1946 secum

349 1986 479 2056 teneat,
506 1990 542 2045 et
572 2000 641 2044 non
668 1982 778 2044 solum
799 1982 875 2063 regi
902 1982 963 2044 sed
990 1982 1096 2045 etiam
1120 1982 1238 2045 comiti
1263 1989 1299 2046 et

349 2080 612 2162 quibuscunque
649 2087 787 2161 poterat
813 2080 850 2142 in
889 2079 999 2143 Satan
1031 2080 1105 2155 fiat,
1136 2080 1300 2144 minando

348 2178 525 2258 postulat3
549 2177 580 2239 si
596 2178 713 2252 nollet,
729 2178 833 2240 sciret
848 2196 886 2239 se
909 2195 955 2239 ex
976 2176 1165 2257 imroviso
1183 2178 1298 2258 capite

347 2274 579 2354 plectendum.
632 2273 827 2355 Respondit
848 2273 1051 2338 lohannes:
1078 2273 1143 2337 ‘In
1167 2261 1316 2338 virtute*

348 2371 416 2435 Dei
440 2370 629 2452 quemlibet
661 2371 754 2435 malo
785 2390 921 2455 capere,
953 2391 1058 2454 quam
1098 2374 1142 2435 ab
1179 2372 1297 2455 aliquo

347 2469 450 2550 capi,'
468 2470 579 2549 dixit3
607 2478 643 2533 et
657 2489 739 2534 mox
763 2471 861 2534 illum
884 2477 1026 2551 captum
1047 2471 1084 2535 iu
1105 2471 1298 2534 custodiam

346 2567 476 2649 posuit,
503 2569 682 2650 vicemque
709 2588 772 2650 pro
800 2570 875 2632 vioe
899 2569 1060 2645 reddens,
1087 2569 1203 2632 omnia
1228 2576 1298 2633 tor-

347 2673 542 2729 mentorum
568 2686 696 2747 genera
718 2685 796 2747 quae
820 2667 858 2730 in
885 2667 1093 2730 crudelitate
1114 2685 1179 2729 sua
1200 2667 1304 2750 prius

184 2776 289 2815 ..aau-
348 2763 426 2825 aliis
440 2765 618 2841 intulerat,
636 2765 671 2828 in
685 2765 781 2828 illum
796 2765 946 2846 expendi
961 2764 1053 2831 fecit.
1106 2763 1175 2827 His
1190 2765 1300 2827 omni-

184 2826 249 2865 vered
257 2829 280 2864 to
299 2825 328 2864 be

183 2875 261 2914 auor
289 2829 298 2865 ⁸
346 2863 412 2924 bus
434 2863 575 2938 auditis,
597 2882 712 2926 comes
735 2862 964 2927 Glaornensis
983 2873 1020 2926 et
1037 2862 1126 2925 Milo
1151 2881 1297 2926 err-oon-

182 2924 314 2964 ⁶¹⁰¹¹⁰⁴⁸²⁹³
345 2960 571 3037 stabularius,
592 2980 672 3024 cum
694 2961 863 3043 pluribus,
878 2961 923 3024 ad
938 2962 1144 3042 praedictum
1162 2960 1186 3023 J
1188 2960 1296 3023 ohan·

346 3078 424 3120 nem
450 3060 604 3135 veniunt,
628 3061 684 3122 oui
709 3061 785 3140 ipse
809 3078 926 3124 comes
951 3075 986 3121 o.
1011 3077 1148 3121 marcas
1173 3077 1212 3121 se
1237 3059 1297 3121 da·
1373 3118 1375 3122 ,

345 3163 459 3218 turum
484 3157 683 3239 spopondit,
699 3178 740 3221 eo
757 3164 862 3238 pacto
877 3165 918 3220 ut
937 3156 1004 3219 sibi
1025 3157 1235 3220 Rotbertum
1252 3157 1295 3220 ad

344 3261 514 3318 statutum
549 3255 637 3318 diem
673 3262 865 3336 praestaret,
902 3256 1047 3336 ipseque
1084 3254 1150 3316 sibi
1188 3255 1295 3317 bonos

344 3353 482 3415 obsides
504 3354 613 3418 daret.
666 3353 843 3418 Johannes
865 3353 1026 3434 placatus
1049 3351 1196 3432 pecunia
1214 3371 1295 3432 pro·

344 3451 450 3513 missa
479 3458 514 3514 et
542 3452 730 3527 obsidibus,
762 3451 904 3514 tradidit
935 3450 988 3512 illi
1019 3448 1228 3512 Rotbertum
1255 3469 1295 3512 eo

344 3554 474 3622 tenore,
496 3556 537 3609 ut
559 3548 648 3610 infra
674 3564 736 3611 xv.
762 3549 835 3611 dies
857 3548 923 3610 sibi
947 3546 1161 3610 redderetur.
1214 3547 1295 3611 Hac

344 3646 573 3708 conventione
599 3646 705 3721 facta,
732 3665 845 3709 comes
867 3647 1055 3709 revertitur
1079 3643 1295 3721 Glaorniam,

181 3765 305 3804 aarum
344 3745 471 3807 ducens
487 3763 604 3806 secum
624 3744 843 3808 Rotbertum.
896 3743 1098 3807 Conseritur
1114 3761 1227 3806 sermo
1253 3745 1296 3807 de

180 3815 325 3902 {tillido
345 3842 517 3905 reddendo
538 3843 683 3906 castello
708 3843 799 3924 apud
818 3843 973 3918 Divisas,
991 3841 1083 3922 quod
1103 3850 1295 3922 spontaneo

181 3913 280 3952 ”mm
344 3941 433 4004 velle
446 3941 514 4003 sibi
528 3941 619 4004 tradi
634 3943 800 4023 postulat.
848 3940 1012 4021 Abnegat
1029 3940 1233 4012 Rotbertus,
1252 3958 1296 4001 ne

340 4040 577 4120 juramentum
593 4041 773 4119 quodcum
791 4039 863 4102 suis
875 4039 1069 4121 juraverat,
1084 4037 1119 4098 in
1135 4055 1204 4098 non
1219 4037 1296 4098 red-
