3074 4508
492 354 682 401 rconnnrn
709 354 987 403 wrooarnnnsrs
1150 342 1217 405 221

265 505 427 569 Mariam.
481 507 560 571 Rex
578 528 695 571 omnes
717 509 740 571 J
745 509 861 572 udaeos
877 517 912 573 ct
928 509 1097 590 quosdam
1118 510 1218 574 Chri·
1230 524 1340 562 Jemnd

1231 575 1306 612 others

266 606 411 679 stianos,
430 606 472 668 de
490 616 674 670 retonsura
697 614 757 670 aut
779 609 849 669 alia
867 616 1022 671 monetoe
1031 608 1218 672 falsatione
1232 623 1357 670 narretur

267 704 456 779 convictos,
471 705 552 768 fecit
570 706 744 785 suspendi.
779 705 880 768 Unde
892 707 1082 769 Londoniac
1099 724 1152 769 ce.
1157 725 1217 770 nx.
1231 672 1371 760 {magau

268 808 303 862 et
314 817 378 864 vu.
394 803 417 865 J
420 803 510 864 udaer
527 804 648 865 mortis
658 803 827 885 judicium
843 806 1034 869 subierunt.
1066 803 1218 881 Quidam

268 910 384 963 autem
417 901 574 982 relegati,
603 902 741 982 quidam
770 902 874 965 etiam
903 923 1020 966 eorum
1050 914 1219 985 perpetuo

268 1007 351 1061 sunt
387 1001 517 1062 carceri
548 999 746 1080 adjudicati,
778 1007 814 1063 et
851 1001 990 1082 quidam
1021 1002 1055 1062 in
1088 1002 1220 1082 Anglia

267 1106 515 1161 remanserunt.
568 1097 842 1162 Escambiatores
860 1118 999 1179 qnoque
1022 1106 1084 1161 aut
1098 1118 1218 1162 manu-

268 1197 347 1276 capi
365 1197 533 1276 permisit,
551 1202 612 1257 aut
634 1195 739 1257 salvae
756 1215 818 1275 per
841 1197 919 1258 loca
944 1216 1008 1259 sua
1036 1198 1220 1279 deputavit

269 1294 456 1370 custodiae;
484 1294 554 1376 qui,
573 1293 803 1374 redemptione
826 1294 931 1368 facta,
947 1294 1044 1356 liberi
1060 1296 1219 1375 permissi

270 1399 352 1454 sunt
366 1393 470 1455 abire.
518 1392 561 1454 In
579 1391 670 1453 illius
686 1393 909 1455 discussionis
923 1393 1084 1456 examine
1103 1413 1220 1457 acces·
1232 1405 1306 1453 1110221
1317 1417 1367 1445 mre

1232 1456 1277 1493 sion
1288 1456 1311 1494 or
1318 1456 1376 1494 John

269 1500 391 1553 serunt
415 1491 507 1570 apud
540 1490 705 1552 Sanctum
733 1491 971 1553 Eadmundnm
1000 1492 1128 1554 domini
1156 1491 1219 1554 Jo-
1232 1505 1361 1543 decorum

1210 1554 1272 1604 aad
1284 1553 1363 1592 Walter

270 1589 401 1651 hannes
417 1589 458 1651 de
476 1586 649 1650 Cobeham
665 1596 699 1650 et
709 1586 887 1650 Walterus
904 1588 945 1650 de
962 1588 1106 1665 Heliun,
1123 1590 1218 1652 missi
1231 1603 1257 1689 ‘1¹³⁰
1268 1603 1349 1689 Regitur
1360 1609 1382 1640 to

270 1689 451 1751 adomino
468 1706 559 1767 rege,
578 1694 613 1748 et
631 1695 750 1749 contra
770 1687 948 1749 libertates
970 1687 1126 1750 ecclesiae
1147 1707 1218 1749 rem
1232 1662 1359 1740 Eddund·

272 1795 414 1865 agentes
430 1794 534 1849 antea
549 1784 750 1860 inauditam,
765 1785 851 1846 nulli
874 1784 1086 1848 munimento
1103 1786 1220 1867 papali

270 1884 424 1964 regalive
449 1885 653 1957 deferentes,
682 1883 725 1945 de
752 1883 936 1945 aurifabris
960 1883 1054 1945 villae
1080 1891 1115 1946 et
1140 1884 1220 1946 aliis

270 1982 458 2057 indictatiS,
475 1981 531 2045 vel
555 2000 614 2062 per
631 1980 857 2061 suspicionem
876 1982 1049 2057 arestatis,
1073 1982 1166 2062 apud
1184 1981 1220 2043 la

273 2079 450 2143 Gildhalle
468 2078 642 2161 justitiam
665 2078 807 2141 ulterius
830 2086 1026 2154 tenuerunt,
1047 2090 1082 2141 et
1107 2097 1217 2143 amer-

273 2179 447 2241 ciamenta
470 2177 549 2240 inde
572 2177 808 2258 provenientia
832 2177 928 2257 regio
952 2175 1036 2239 fisco
1063 2175 1220 2241 adduxe-

273 2284 376 2340 runt:
411 2277 525 2358 ipsum
553 2277 657 2339 etiam
676 2275 854 2338 sacristam
876 2275 921 2337 ad
947 2274 1219 2357 redemptionem

273 2392 304 2439 o.
318 2394 513 2437 marcarum
528 2373 776 2454 compulerunt.
822 2372 970 2436 Cassata
983 2373 1220 2454 postulatione
1233 2386 1364 2476 31:02an

272 2473 315 2535 de
332 2440 1366 2573 R.Burne110,Bath0niensietwellensiepiscopeo-nefins

274 2570 380 2646 facta,
404 2570 563 2632 dominus
586 2587 677 2650 papa
698 2567 1029 2650 archiepiscopatum
1052 2568 1219 2633 Cantuar
1233 2533 1349 2622 333⁶?

275 2669 425 2732 contulit
450 2668 549 2731 fratri
573 2666 596 2728 J
600 2666 726 2730 ohaam
751 2665 793 2728 de
822 2665 1007 2743 Peccham,
1034 2666 1078 2729 de
1101 2633 1352 2769 ordineffffim

273 2767 456 2830 minorum.
510 2766 678 2829 Dominus
705 2783 796 2846 papa
821 2765 969 2828 contulit
992 2765 1221 2846 archiepisco·
1206 2779 1290 2818 John
1299 2779 1326 2817 de

273 2873 395 2946 patum
422 2864 671 2928 Dublinensem
698 2861 797 2925 fratrr
820 2861 856 2925 J
874 2863 917 2925 de
934 2862 1154 2944 Derlington,
1178 2828 1362 2966 (1οῇοῶἷῖ

272 2963 392 3027 ordine
414 2962 689 3044 praedicatorum.
741 2959 883 3023 Mortuo
910 2960 1072 3041 Symone,
1096 2963 1222 3025 abbate
1234 2974 1344 3072 Edhffd·

275 3061 310 3123 S
331 3060 538 3134 Eadmundi,
567 3059 724 3123 dominus
744 3077 806 3120 rex
828 3065 899 3120 tam
922 3057 1114 3139 portionem
1138 3078 1221 3123 con-
1234 3074 1371 3162 rogentgg·

275 3167 398 3222 ventus
421 3178 525 3240 quam
546 3158 723 3220 baroniam
741 3157 936 3237 occupavit,
963 3156 1055 3236 quod
1082 3157 1219 3237 quidem
1233 3130 1366 3213 batim

275 3257 442 3320 hactenus
466 3256 531 3319 suit
558 3256 767 3318 inauditum:
795 3273 874 3334 quae
889 3264 1082 3317 conventus
1108 3255 1221 3336 portio

275 3375 338 3418 nec
355 3374 455 3436 prece
474 3373 537 3417 nec
557 3354 667 3434 pretio
684 3353 726 3415 ab
748 3351 823 3432 ejus
844 3353 1002 3414 manibus
1023 3353 1138 3432 potuit
1159 3372 1219 3415 ex-

275 3456 451 3535 torqueri:
491 3452 550 3515 sed
569 3453 683 3514 omnia
705 3450 796 3513 facta
811 3437 990 3512 sufficienti
1008 3449 1221 3513 exhibitione

276 3552 474 3626 conventui,
506 3550 718 3629 talliatisque
744 3548 787 3610 ad
817 3567 903 3629 opus
932 3549 1023 3628 regis
1049 3547 1221 3627 homagiis

274 3650 505 3711 maneriorum
544 3655 744 3722 conventus,
787 3654 857 3709 tam
898 3646 988 3708 infra
1023 3645 1142 3707 villam
1183 3646 1219 3709 S.

274 3747 447 3810 Edmundi
467 3765 571 3857 quam
597 3753 708 3820 extra,
733 3764 794 3824 per
820 3763 958 3805 manum
980 3742 1152 3808 Johannis
1178 3743 1222 3805 de

274 3845 466 3918 Berewich,
480 3844 572 3923 regis
587 3842 764 3916 attornati,
776 3848 857 3903 sunt
872 3840 1050 3920 disposita.
1082 3839 1222 3920 Regina
1235 3853 1378 3944 moggi·

273 3943 470 4025 Hispaniae,
497 3942 636 4004 domina
651 3939 803 4013 Pontivi,
831 3946 940 4000 mater
956 3937 1144 4012 Alienorae,
1169 3958 1222 4000 re·

275 4045 365 4124 ginae
388 4041 539 4121 Angliae,
562 4041 643 4104 vitae
667 4038 848 4102 terminum
871 4037 963 4099 fecit.
1018 4036 1098 4099 Rex
1117 4037 1224 4117 igitur
