3074 4508
439 339 634 388 rconrnrn
664 337 944 386 wrcoarusnsrs.
1120 325 1164 389 25

209 492 325 555 omnia
341 492 464 569 fidelis,
478 501 580 575 pater
597 494 804 556 reverendus
814 493 1012 569 Wlstauus,
1022 493 1162 575 Wigor·

208 593 325 654 nensis
352 593 548 674 episcopus,
577 612 704 673 magna
729 595 888 656 turbatur
909 592 1079 668 molestia,
1101 593 1161 656 sed

211 689 280 751 Dei
316 692 491 772 respirans
529 691 773 767 misericordia,
801 691 876 774 jam
910 692 1162 772 quodammodo

210 787 299 850 alter
322 788 466 870 Moyses
489 800 592 871 parat
613 809 651 853 se
677 790 822 853 viriliter
844 797 998 852 staturus
1021 810 1084 870 pro
1099 810 1161 871 po·

209 886 293 966 pulo
326 895 362 949 et
397 888 539 951 civitate
571 907 646 951 sua.
699 888 831 951 Hostes
857 887 899 950 ad
922 887 1160 951 debellandum

208 993 336 1064 parant
350 1005 467 1065 arma;
491 987 565 1068 ipse
588 1007 651 1068 pro
671 986 862 1050 imminenti
877 987 1029 1068 periculo
1051 987 1162 1050 fundit

208 1085 419 1162 precamina,
446 1086 637 1148 exhortans
661 1086 815 1149 subditos
840 1104 884 1148 ne
910 1085 1090 1167 desperent
1118 1086 1161 1149 de

210 1181 301 1259 Deo,
319 1183 379 1264 qui
402 1204 469 1247 non
488 1193 623 1266 pugnat
643 1184 758 1265 gladio
782 1203 891 1264 neque
908 1184 1017 1248 hasta
1072 1183 1161 1247 Nor·

210 1283 327 1343 manni
350 1283 487 1346 interim
513 1285 672 1345 ineuntes
693 1282 884 1356 consilium,
904 1290 1030 1362 rogant
1048 1283 1160 1362 ipsum

210 1380 412 1461 episcopum
429 1391 470 1443 ut
493 1382 536 1443 ab
554 1381 701 1444 ecclesia
724 1380 886 1443 transiret
911 1381 947 1442 in
970 1381 1160 1459 castellum,

210 1480 356 1542 tutiores
379 1498 417 1542 se
441 1478 650 1543 affirmantes
673 1481 715 1543 de
740 1479 814 1561 ejus
830 1481 1026 1561 praesentia,
1042 1481 1072 1542 si
1087 1499 1160 1544 ma·

149 1618 150 1622 =
205 1576 265 1658 jus
288 1579 506 1662 incumberet¹
522 1579 733 1661 perieulum:
758 1579 948 1659 diligebant
968 1579 1056 1640 enim
1082 1597 1159 1640 eum

209 1677 324 1740 valde.
378 1677 460 1759 Ipse
479 1687 607 1752 autem,
624 1685 663 1739 ut
679 1685 752 1739 erat
767 1677 862 1738 mirae
877 1675 1158 1750 mansuetudinis,

209 1783 245 1837 et
270 1795 333 1855 pro
356 1778 449 1856 regis
475 1776 655 1852 fidelitate,
683 1783 718 1839 et
740 1794 803 1857 pro
826 1794 945 1838 eorum
968 1774 1159 1851 dilectione,

208 1874 371 1952 petitioni
397 1893 517 1937 eorum
540 1874 725 1956 acquievit.
770 1873 910 1936 Interea
934 1873 1100 1936 audenter
1124 1875 1159 1936 in

208 1987 307 2032 arma
336 1990 374 2033 se
402 1982 504 2052 parat
529 1971 735 2054 episcopalis
761 1971 911 2033 familia:
951 1973 1160 2035 conveniunt

208 2068 391 2132 castellani
421 2078 456 2132 et
480 2069 592 2133 omnis
616 2070 742 2132 civium
768 2076 895 2144 turma,
919 2088 1097 2132 occurrere
1122 2088 1160 2132 se

208 2165 383 2231 affirmant
396 2167 555 2232 hostibus
570 2187 616 2231 ex
640 2168 750 2230 altera
764 2175 863 2248 parte
879 2167 1032 2231 Sabrinae
1050 2167 1162 2231 flumi-

208 2265 275 2341 nis,
297 2267 328 2327 si
348 2266 415 2329 hoc
436 2268 486 2328 eis
508 2266 682 2347 pontificis
706 2273 872 2329 annueret
888 2267 1037 2330 licentia.
1089 2266 1159 2329 Pa-

208 2363 277 2425 rati
294 2363 403 2442 igitur
418 2372 453 2427 et
473 2365 578 2426 armis
595 2365 766 2440 instructi,
781 2365 894 2447 ipsum
911 2365 952 2427 ad
978 2363 1158 2427 castellum

208 2468 349 2523 euntem
364 2462 494 2526 habent
513 2463 663 2539 obviam,
681 2480 784 2543 quam
799 2464 967 2544 optabant
981 2463 1158 2542 requirunt

207 2557 408 2639 licentiam
440 2563 566 2643 quibus
600 2562 746 2624 libenter
777 2579 945 2636 annuens,
972 2559 1076 2636 ‘Ite,'
1103 2561 1158 2622 in·

209 2658 297 2738 quit,
324 2659 418 2735 ‘filii‚
444 2661 493 2723 ite
515 2661 552 2722 in
579 2680 676 2742 pace,
699 2661 746 2722 ite
777 2659 901 2735 securi,
924 2678 1001 2721 cum
1035 2658 1097 2721 Dei
1123 2666 1158 2722 et

207 2763 329 2818 nostra
345 2758 595 2839 benedictione.
649 2757 836 2822 Gonfidens
854 2776 919 2837 ego
940 2757 975 2818 in
998 2755 1157 2832 Domino,

207 2854 363 2934 spondeo
389 2857 499 2932 vobis,
517 2876 585 2919 non
609 2857 709 2920 hodie
735 2855 872 2918 nocebit
887 2855 986 2917 vobis
1010 2854 1157 2934 gladius,

207 2970 278 3015 non
296 2954 482 3035 quicquam
503 2954 694 3028 infortunii,
716 2972 784 3016 non
800 2953 983 3033 quisquam
998 2952 1159 3014 adversa·

208 3051 291 3114 rius.
344 3050 443 3115 State
469 3053 504 3114 in
531 3054 621 3132 regis
649 3052 825 3125 fidelitate,
846 3049 990 3113 viriliter
1016 3056 1159 3130 agentes
1225 3117 1228 3123 ,

208 3166 272 3226 pro
296 3150 416 3229 populi
439 3151 603 3230 urbisque
625 3149 760 3212 salute.'
813 3148 882 3210 His
900 3148 1012 3224 dictis,
1027 3148 1159 3211 alacres

207 3254 350 3326 pontem
368 3255 565 3328 reparatum
584 3253 774 3321 transeunt,
785 3246 902 3307 hostes
918 3245 959 3307 de
970 3245 1159 3326 longinquo

209 3345 444 3408 accelerantes
462 3346 698 3426 conspiciunt;
722 3346 810 3406 inter
826 3362 913 3423 quos
937 3362 1063 3423 magna
1081 3343 1160 3406 belli

204 3441 279 3522 jam
295 3442 453 3506 fervebat
468 3446 622 3516 insania;
649 3444 898 3506 contumaciter
909 3443 997 3503 enim
1008 3443 1158 3522 episcopi

209 3548 469 3604 contemnentes
500 3542 675 3615 mandata,
704 3542 739 3601 in
770 3549 897 3602 terram
921 3540 1028 3620 ipsius
1054 3558 1158 3621 posu·

208 3648 311 3699 erunt
339 3641 508 3703 incendia.
563 3640 643 3716 Quo
668 3639 797 3712 audite,
820 3638 1001 3718 episcopus
1027 3638 1159 3716 ingenti

209 3738 405 3800 concutitur
421 3739 551 3812 dolore,
570 3738 691 3800 videns
713 3736 885 3799 debilitari
907 3755 962 3797 res
981 3735 1156 3804 ecclesiae;

209 3843 424 3915 acceptoque
446 3837 524 3897 inde
548 3836 702 3908 consilio,
726 3835 825 3913 gravi
848 3852 917 3908 eos,
936 3833 978 3894 ab
1002 3832 1159 3893 omnibus

209 3934 269 4012 qui
288 3934 562 3996 circumaderant
579 3941 731 4006 coactuS,
743 3931 915 4010 percussit
931 3929 1159 3991 anathemate.

210 4028 282 4094 Res
306 4032 472 4108 miranda,
491 4040 525 4095 et
543 4032 611 4094 Dei
629 4032 738 4094 virtus
762 4036 796 4091 et
816 4029 880 4092 viri
902 4029 1038 4092 bonitas
1060 4027 1160 4091 nimis
1174 4044 1299 4085 amnena.
