3074 4508
433 369 626 416 rnonnnrrr
651 368 935 417 wiconrusnsrs.
1087 354 1158 417 217

209 519 269 604 [16
285 523 308 585 J
312 521 399 608 un.],
414 524 551 587 domino
574 546 655 607 rege
673 533 710 589 et
734 527 867 606 regina,
888 545 958 588 una
981 545 1058 588 cum
1079 526 1157 588 aliis
1230 592 1231 595 ,

207 620 348 700 Angliae
374 626 592 703 magnatibus
624 624 810 699 nonnullis,
843 626 1051 699 astantibus,
1079 642 1158 686 cum

207 737 334 799 magna
360 721 471 800 gloria
499 730 551 784 est
577 723 780 785 translatus
833 722 991 786 Collecta
1012 730 1065 784 est
1090 741 1160 783 me·

206 816 318 880 dietas
351 819 639 899 quintae-decimae
680 839 772 884 anno
812 821 982 902 superiori
1020 819 1160 883 domino

207 916 280 994 regi
297 935 480 980 concessae.

260 1013 417 1077 Franciae
453 1015 706 1126 ⁸Hispaniasque
739 1036 838 1096 reges
871 1014 1047 1079 discordes
1078 1014 1160 1078 facti
1175 1032 1301 1074 nunu-ron

134 1179 139 1186 ‚
208 1119 290 1172 sunt
318 1113 402 1174 ad
393 1114 551 1176 invicem.
598 1113 680 1177 Rex
711 1114 820 1194 igitur
851 1114 1009 1176 Franciae
1039 1120 1161 1176 contra
1174 1083 1318 1179 dmm·

207 1228 324 1288 regem
360 1209 541 1292 Hispauiae
576 1213 768 1275 exercitum
805 1231 948 1275 movens
981 1211 1160 1291 copiosum
1174 1181 1307 1279 ξὲἶῗῖῗω

209 1306 456 1387 imprudenter,
472 1310 564 1372 omni
581 1312 718 1392 penitus
737 1311 866 1374 insecto
890 1308 992 1372 rediit
1009 1310 1160 1389 negotio,

211 1405 322 1468 Facta
351 1415 404 1468 est
435 1408 572 1488 eclipsis
605 1409 696 1472 lunae
730 1409 949 1483 universalis,
986 1416 1087 1471 nocte
1122 1408 1159 1470 S.
1173 1427 1330 1474 compoti

209 1502 398 1566 Clementis
436 1506 495 1585 [23
527 1506 652 1585 Nov.],
682 1507 765 1568 luna
804 1525 865 1586 per
902 1506 1049 1567 duarum
1089 1477 1290 1568 sereth⁸m⁰⁰¹¹

212 1601 371 1663 horarum
390 1603 538 1683 spatium
557 1605 593 1666 in
612 1623 748 1666 summa
763 1603 987 1678 obscuritate,
1001 1604 1051 1666 ita
1068 1603 1160 1684 quod

211 1700 270 1761 vix
298 1700 436 1782 aliquod
469 1702 523 1764 sui
552 1701 694 1783 reliquit
720 1703 917 1782 vestigium,
949 1702 1160 1782 perduravit.

208 1797 408 1862 Mortalitas
424 1799 553 1863 ovium¹
569 1801 635 1863 hoc
658 1820 747 1864 anno
766 1801 895 1881 incepit
909 1799 944 1860 in
964 1799 1159 1874 Lindeseia,
1175 1819 1300 1857 nnumin

209 1903 244 1957 et
267 1915 328 1976 per
350 1897 466 1976 plures
483 1897 611 1960 durans
634 1904 977 1980 ann0S,pe1·t0tam
1004 1897 1074 1959 fere
1088 1897 1162 1961 An·
1174 1877 1253 1965 332⁸
1239 1869 1299 1916 ’ω’

208 1992 314 2072 gliam
329 1993 601 2075 dispergebatur.

260 2091 341 2154 Rex
373 2091 511 2172 Angliae
547 2093 737 2156 exercitum
781 2093 960 2173 copiosum
995 2091 1089 2154 misit
1125 2092 1161 2154 in
1185 2110 1315 2150 nonu.

206 2189 385 2266 walliam,
407 2193 462 2253 cui
479 2192 632 2272 praefecit
649 2191 699 2254 H.
715 2192 758 2254 de
774 2191 880 2272 Lacy,
898 2189 1059 2253 comitem
1078 2189 1161 2252 Lin-
1172 2175 1309 2265 llfflfm‘

208 2287 426 2350 colniensem.
483 2289 565 2370 Ipse
606 2309 688 2353 vero
727 2309 803 2365 rex,
841 2288 998 2351 exercitu
1037 2307 1158 2352 versus

209 2385 375 2447 Walliam
390 2387 638 2466 proficiscente,
655 2387 698 2450 ad
715 2396 833 2469 partes
850 2387 987 2449 interim
1002 2385 1158 2449 Norfolc.

208 2489 243 2544 et
272 2482 412 2546 Suffolc.
443 2483 632 2560 declinans,
663 2486 757 2566 apud
784 2484 989 2548 Norwicum
1019 2483 1159 2546 Pascha

207 2580 407 2655 celebravit,
425 2600 487 2662 per
510 2582 589 2645 loca
616 2581 790 2646 maritima
815 2581 958 2644 Suffolc.
985 2588 1021 2643 et
1044 2580 1159 2643 Essex

128 2674 129 2677 ’
209 2678 425 2742 Londoniam
440 2699 653 2743 reversurus.
708 2679 780 2758 Qui
801 2680 918 2742 statim
934 2685 1016 2759 post
1032 2678 1159 2740 sestum

158 2848 161 2854 ,
211 2776 246 2838 S.
258 2777 281 2839 J
284 2777 428 2839 ohannis
447 2775 506 2860 [24
517 2778 540 2840 J
542 2796 600 2840 un
604 2776 618 2862 ]
633 2785 745 2842 totam
762 2778 834 2841 sere
848 2776 984 2858 Angliae
1001 2776 1159 2839 militiam

206 2893 323 2936 secum
341 2874 467 2937 duxit
457 2896 492 2937 m
508 2875 687 2939 Walliam
739 2874 772 2938 A
789 2893 917 2954 magno
931 2874 1159 2936 Tartarorum
1174 2888 1279 2975 {ff}

208 2990 289 3052 rege
315 2973 374 3053 qui
398 2973 523 3035 dicitur
541 2973 652 3048 Moal,
677 2975 721 3035 ab
745 2973 969 3036 orientalibus
1000 2970 1309 3033 videlicetnwoou·

208 3071 327 3132 mundi
348 3071 515 3150 partibus,
533 3071 626 3133 circa
651 3071 778 3134 festum
803 3069 949 3132 Paschae
968 3068 1028 3149 [28
1047 3034 1248 3148 Marw]

208 3168 329 3231 directi
356 3168 502 3230 suntad
528 3187 643 3248 regem
670 3168 810 3248 Angliae
837 3187 900 3230 sex
923 3167 1040 3228 nuncii
1065 3166 1156 3229 sole-

206 3284 302 3327 mnes
324 3266 366 3328 de
386 3266 573 3346 maj0ribus
593 3267 702 3329 totius
727 3266 839 3347 gentis
861 3265 968 3338 illius,
990 3283 1067 3326 cum
1092 3282 1157 3325 suo

207 3364 408 3442 interprete,
426 3372 633 3426 excusantes
656 3364 796 3426 illorum
819 3381 948 3441 regem,
968 3361 1058 3442 quod
1076 3379 1158 3440 rege

207 3459 358 3540 Angliae,
382 3462 592 3542 inpartibus
617 3481 727 3542 nuper
747 3460 989 3523 Aconensibus
1021 3466 1158 3538 agente,

207 3558 317 3620 eidem
334 3579 404 3622 non
422 3560 590 3622 occurrit:
615 3560 756 3639 insuper
774 3566 809 3621 et
832 3559 875 3620 ab
898 3556 1017 3619 eodem
1036 3564 1159 3618 contra

208 3654 376 3718 Crucifixi
410 3658 579 3732 inimicos,
617 3676 773 3738 paganos
812 3655 956 3729 scilicet,
988 3654 1159 3716 auxilium

207 3754 416 3833 flagitantes.
469 3753 640 3816 Dominus
672 3773 776 3835 papa,
808 3761 911 3815 sexto
937 3752 1014 3813 idus
1038 3751 1159 3812 Martii
1173 3765 1202 3803 1³0
1241 3765 1298 3804 John

1216 3816 1282 3858 ..tob

208 3849 266 3934 [10
299 3851 417 3930 Mam]
445 3852 535 3930 apud
556 3850 752 3913 Viterbium
777 3851 866 3912 diem
891 3849 1017 3910 clausit
1044 3855 1158 3909 extre-

261 4074 267 4102 ¹
285 4074 425 4123 Mortalitua
436 4071 535 4134 ouium]
554 4072 602 4119 See
613 4071 709 4133 Trivet‚
721 4087 746 4132 p.
759 4075 816 4133 20³,
829 4071 877 4118 aud
890 4070 942 4119 lllr.
953 4069 1034 4131 Hog's
1046 4074 1112 4119 note.
