3074 4508
431 343 619 391 rnonnnrn
647 333 925 392 imdbnmnnsis
1089 331 1155 394 255

207 509 241 561 et
260 499 318 561 alii
337 499 489 561 homines
512 498 553 560 de
576 505 667 560 terra
690 499 781 578 regis
805 497 943 573 Scotiae,
960 499 1002 561 de
1026 501 1152 580 quibus

208 598 367 661 dominus
396 616 457 659 rex
487 597 611 658 habere
634 597 795 671 voluerit,
822 595 950 659 facient
976 597 1007 658 ei
1033 597 1152 661 boma·

210 699 304 776 gium
337 704 459 760 contra
492 714 623 758 omnem
661 695 843 770 bominem,
879 704 913 758 et
940 695 1153 772 fidelitatem,

211 804 250 858 ut
276 796 358 876 ligio
388 795 536 867 domino,
564 795 655 855 sicut
684 794 741 856 alii
775 794 929 857 homines
957 795 1010 856 sui
1041 795 1154 858 facere

211 894 325 957 solent
348 895 390 968 ei,
407 900 441 955 et
460 892 612 954 Henrice
630 893 716 972 regi,
731 892 802 956 filio
819 912 895 968 sue,
912 903 947 956 et
962 894 1155 956 haeredibus

212 994 297 1067 suiS,
318 993 417 1054 salva
439 991 504 1053 fide
527 991 655 1052 domini
678 992 782 1071 regis,
801 992 910 1073 patris
933 993 999 1053 sui.
1052 991 1155 1054 Simi-

211 1090 291 1152 liter
313 1091 465 1153 haeredes
487 1089 579 1169 regis
603 1088 740 1164 Scotiae,
759 1097 794 1152 et
808 1091 974 1151 baronum
993 1096 1028 1151 et
1044 1089 1155 1153 homi·

211 1209 293 1252 num
326 1209 464 1251 suorum
502 1187 697 1267 homagium
737 1195 772 1249 et
808 1186 988 1268 ligantiam
1028 1189 1156 1251 sacient

214 1287 406 1350 haeredibus
440 1287 568 1349 domini
603 1287 691 1367 regis
727 1294 849 1348 contra
881 1305 1015 1349 omnem
1048 1286 1157 1349 homi·

213 1406 302 1448 nem.
340 1386 515 1449 Praeterea
528 1404 589 1447 rex
604 1386 730 1448 Scotiae
741 1393 776 1447 et
788 1385 942 1448 homines
958 1384 1012 1447 sui
1025 1385 1156 1448 nullum

214 1485 344 1547 amodo
357 1485 537 1564 fugitivum
553 1483 594 1545 de
608 1493 698 1545 terra
710 1483 840 1544 demini
853 1484 943 1562 regis
956 1503 1019 1562 pro
1029 1483 1156 1546 felonia

214 1585 439 1664 receptabunt
462 1582 496 1642 in
520 1581 646 1655 Scotia,
664 1581 719 1642 vel
743 1581 778 1641 in
802 1581 871 1642 alia
886 1587 979 1642 terra
997 1600 1071 1656 sua,
1091 1582 1156 1643 nisi

216 1683 364 1745 voluerit
381 1682 495 1743 venire
513 1680 556 1742 ad
575 1688 705 1742 rectum
721 1679 756 1741 in
780 1687 873 1742 terra
895 1679 1025 1741 domini
1050 1680 1155 1760 regis

215 1789 249 1842 et
289 1793 382 1842 stare
417 1779 549 1862 judicio
589 1779 715 1842 curiae:
755 1777 816 1840 sed
854 1797 916 1840 rex
955 1777 1081 1841 Scotiae
1122 1788 1157 1842 et

214 1879 367 1940 homines
390 1880 455 1952 sui,
471 1895 573 1958 quam
596 1877 697 1939 citius
720 1884 895 1956 poterunt,
912 1895 990 1938 eum
1007 1877 1156 1957 capient,

215 1984 250 2037 et
274 1976 410 2038 domino
433 1976 507 2055 regi
527 1974 679 2047 reddent,
697 1973 752 2036 vel
773 1973 975 2055 justitiariis
999 1982 1060 2037 aut
1083 1974 1158 2036 bal·

215 2072 293 2135 livis
317 2072 389 2136 suis
411 2073 446 2134 in
463 2071 601 2152 Anglia.
653 2070 690 2133 Si
712 2079 826 2133 autem
852 2072 976 2152 aliquis
999 2073 1042 2134 de
1065 2079 1158 2134 terra

217 2172 306 2251 regis
316 2171 443 2234 Scotiae
454 2170 619 2250 fugitivus
632 2168 735 2231 luerit
746 2189 810 2250 pre
824 2169 952 2233 felonia
967 2170 1002 2232 in
1014 2167 1156 2250 Anglia·,

217 2270 282 2332 nisi
310 2270 460 2333 voluerit
488 2269 603 2331 venire
634 2268 677 2330 ad
709 2276 841 2331 rectum
872 2269 908 2331 in
940 2269 1037 2332 curia
1065 2269 1157 2348 regis

217 2366 357 2444 Scotiae,
372 2368 428 2430 vel
443 2368 477 2429 in
495 2367 589 2430 curia
603 2366 733 2429 domini
746 2368 852 2448 regis,
867 2373 902 2429 et
918 2373 1011 2430 stare
1023 2365 1157 2447 judicio

216 2466 334 2541 curiae,
349 2485 418 2528 non
441 2466 674 2544 receptabitur
693 2465 831 2529 domino
847 2484 939 2544 rege,
957 2464 1016 2527 sed
1032 2464 1157 2526 libera-

216 2564 309 2625 bitur
325 2563 520 2626 hominibus
534 2563 661 2624 domini
677 2562 768 2642 regis
784 2562 923 2637 Scotiae,
935 2580 997 2643 per
1012 2560 1158 2625 ballivos

218 2663 348 2725 domini
385 2661 488 2742 regis,
519 2661 578 2722 ubi
614 2662 777 2723 inventus
809 2660 922 2723 firerit.
984 2657 1159 2724 Praeterea

217 2760 372 2823 homines
389 2759 517 2823 domini
531 2758 622 2839 regis
642 2759 816 2822 habebunt
833 2766 944 2821 terras
961 2776 1055 2833 suas,
1071 2777 1158 2838 quas

216 2858 400 2933 habebant,
427 2867 462 2921 et
489 2857 613 2920 habere
640 2856 804 2920 deberent
836 2856 879 2919 de
908 2855 1044 2920 domino
1076 2875 1157 2934 rege

218 2966 254 3019 et
272 2975 352 3036 rege
368 2956 495 3019 Scotiae
510 2962 545 3018 et
559 2955 600 3017 de
612 2954 806 3018 hominibus
818 2955 901 3018 suis.
940 2955 987 3017 Et
1001 2954 1158 3016 homines

218 3056 309 3134 regis
340 3053 465 3117 Scotiae
494 3053 668 3117 habebunt
692 3061 802 3117 terras
824 3071 917 3128 suas,
941 3071 1028 3133 quas
1053 3050 1158 3114 habe-

219 3154 311 3228 bant,
335 3161 371 3215 et
392 3152 517 3215 habere
544 3151 705 3215 deberent
733 3152 775 3215 de
798 3150 935 3214 domino
957 3169 1037 3230 rege
1059 3158 1095 3212 et
1118 3148 1160 3212 de

217 3252 413 3313 bominibus
441 3251 524 3314 suis.
572 3249 641 3313 Pro
668 3251 733 3313 ista
761 3268 842 3312 vero
868 3249 1093 3311 conventione
1125 3256 1161 3310 et

218 3350 284 3412 fine
300 3349 443 3412 firmiter
458 3342 683 3424 observande,
700 3348 838 3410 domino
848 3347 934 3426 regi,
945 3353 979 3409 et
993 3345 1160 3421 HenricO,

218 3447 288 3510 filio
321 3467 396 3523 sue,
423 3455 457 3510 et
490 3446 681 3509 haeredibus
707 3446 779 3507 suis
809 3463 830 3506 a
861 3463 943 3523 rege
972 3443 1098 3506 Scotiae
1128 3453 1163 3507 et

217 3545 410 3607 haeredibus
449 3545 534 3621 suis,
569 3544 728 3606 liberavit
765 3562 828 3605 rex
859 3541 985 3604 Scotiae
1024 3540 1162 3603 domino

217 3645 290 3723 regi
321 3642 500 3705 castellum
532 3643 573 3705 de
599 3641 814 3715 Rokesburc,
848 3649 883 3703 et
909 3638 1091 3702 castellum
1118 3639 1161 3701 de

152 3815 154 3820 ,
219 3739 391 3813 Berewik,
417 3750 452 3802 et
480 3739 658 3803 castellum
687 3740 729 3801 de
756 3737 1004 3810 Geddewurtb,
1037 3743 1072 3798 et
1104 3755 1161 3798 ea·

218 3840 356 3902 stellam
386 3838 598 3912 Puellarum,
614 3845 649 3899 et
669 3835 849 3899 castellum
870 3833 911 3896 de
932 3832 1108 3905 Strivelin,
1127 3834 1162 3894 in

218 3935 452 4000 misericordia
483 3936 609 3997 domini
639 3935 741 4015 regis.
788 3933 834 3994 Et
864 3932 907 3994 ad
939 3929 1164 3993 custodienda

216 4035 360 4100 castella
377 4034 439 4096 illa
454 4033 645 4113 assignabit
664 4051 726 4096 rex
743 4029 870 4093 Scotiae
887 4030 929 4092 de
947 4028 1082 4092 redditu
1101 4047 1164 4090 suo
