3074 4508
430 344 620 391 rnonenrn
648 343 929 392 wraonurnnsrs.
1092 331 1157 394 141

207 497 378 560 uariensis
407 497 559 561 ecclesiae
587 500 758 580 cogitans,
786 502 984 582 frequenter
1009 504 1157 567 nuncios

206 615 289 658 suos
308 597 351 659 ad
368 595 620 674 Alexandrum,
637 618 809 662 summum
823 601 1031 682 pontificem,
1049 602 1156 677 misit,
1243 608 1247 623 '

207 703 248 757 ut
271 695 497 759 contunderet
524 696 776 760 Eboracensem
799 699 1093 781 archiepiscopum
1122 707 1157 763 et

207 793 285 876 ejus
310 793 541 876 coadjutores,
571 797 630 874 qui
660 797 691 858 ei
718 797 964 861 ministrabant
994 798 1029 860 in
1060 816 1157 861 coro

209 893 353 955 natione
387 894 467 955 nori
499 893 591 974 regis
625 891 777 973 Angliae.
838 895 1004 959 Similiter
1037 896 1156 959 eodem
1170 913 1312 963 meritur

207 1008 300 1052 anno
327 990 542 1068 Lodowicus,
564 1010 628 1054 rex
652 991 876 1067 Francorum,
904 1012 967 1073 pro
990 994 1157 1073 praedicto
1170 965 1252 1071 lollii
1261 1012 1299 1051 a·

197 1087 453 1152 .Gantuariensi
465 1090 725 1171 archiepiscopo
740 1091 943 1155 sollicitavit
958 1091 1157 1155 Romanum
1170 1074 1280 1151 illidor

207 1187 418 1266 pontificem,
432 1189 467 1250 in
481 1189 610 1251 virtute
628 1190 768 1263 amoris,
784 1199 819 1252 et
834 1191 898 1252 sub
916 1191 1060 1270 impensi
1077 1209 1157 1271 pro·
1171 1163 1260 1202 Bm

208 1287 397 1349 testatione
424 1287 593 1367 obsequii,
618 1307 660 1350 ne
691 1288 836 1349 ulterius
863 1287 1052 1350 delationes
1085 1288 1158 1351 sru-

209 1386 405 1459 stratorias,
423 1403 508 1465 quas
524 1405 584 1448 rex
604 1385 799 1466 Anglorum
816 1387 1055 1467 protendebat,
1078 1406 1159 1467 pro·

211 1490 362 1562 rogaret,
388 1485 477 1545 sicut
502 1503 645 1564 regnum
672 1483 886 1547 Francorum
916 1486 1094 1565 diligebat,
1125 1494 1161 1549 et

210 1579 377 1644 honorem
404 1582 729 1663 apostolicaesedis.
776 1583 944 1645 Misertus
965 1585 1067 1646 etiam
1084 1583 1272 1646 Amnnothe

212 1679 359 1760 glicanae
385 1681 538 1742 ecclesi-a
569 1680 828 1756 desolationem,
856 1680 1064 1757 Willelmus,
1097 1649 1323 1745 Se·³b⁰'⁰ss⁹⁰⁵'

211 1773 435 1842 nonensium¹
462 1780 618 1854 antistes,
648 1779 763 1841 sedem
794 1779 1019 1860 apostolicam
1050 1782 1161 1861 petiit,

212 1883 247 1938 et
266 1895 287 1938 a
307 1877 465 1940 Romana
481 1878 627 1940 ecelesia
646 1878 858 1958 impetravit,
886 1886 924 1941 ut
950 1898 1011 1941 rex
1028 1877 1163 1960 Anglo·

212 1993 301 2049 rum,
334 1976 427 2037 omni
461 1975 694 2056 appellatione
727 1983 899 2049 cessante,
933 1977 1162 2058 subjiceretur

213 2071 440 2146 anathemati,
457 2081 493 2135 et
506 2091 648 2153 regnum
666 2073 863 2149 interdicto,
882 2072 948 2135 nisi
966 2093 1038 2154 pax
1054 2073 1161 2137 Cant·

212 2172 366 2234 nariensi
396 2170 549 2234 ecclesiae
581 2171 791 2234 redderetur.
851 2171 1011 2235 Instabat
1040 2173 1160 2253 itaque

212 2271 466 2351 peremptorius
475 2269 548 2332 dies
560 2277 598 2332 ut
609 2271 781 2333 sententia
791 2270 937 2333 ulterius
949 2268 1075 2333 differri
1089 2290 1160 2334 non

212 2377 344 2448 posset.
385 2365 552 2430 Arctatus
567 2369 675 2448 igitur
691 2387 753 2430 rex
769 2367 964 2448 Auglorum
975 2369 1162 2432 severitate
1174 2382 1308 2422 somnone

1174 2433 1220 2472 tlon
1227 2432 1252 2471 ol
1258 2433 1296 2470 tbe

214 2467 395 2539 canonica,
424 2466 557 2528 tandem
587 2465 775 2546 adquievit,
801 2474 842 2528 ut
868 2485 937 2547 pax
959 2465 1161 2547 Anglicanae
1174 2482 1281 2571 patherga

213 2564 369 2627 ecclesiae
381 2564 636 2639 reformaretur,
648 2571 684 2627 et
696 2563 787 2626 circa
803 2564 929 2626 festum
940 2563 1058 2627 Sancti
1074 2565 1162 2628 Dio·
1258 2558 1264 2568 '

212 2663 315 2743 nysii,
332 2669 457 2744 quarto
472 2662 519 2724 id.
534 2661 696 2725 Octobris
713 2662 771 2742 [12
783 2660 988 2741 Oct.],feria
999 2663 1162 2738 secunda,

212 2762 309 2823 venit
336 2779 445 2841 usque
470 2758 701 2836 Ambasium,2
727 2779 806 2841 quae
834 2767 888 2823 est
918 2779 1026 2841 prope
1052 2761 1163 2824 Turo-

212 2857 336 2933 nium,³
362 2879 439 2922 cum
467 2858 746 2940 archiepiscopis
770 2867 807 2921 et
829 2859 1010 2939 episcopis,
1032 2868 1067 2922 et
1089 2878 1163 2922 ma·

208 2956 346 3038 joribus
385 2963 486 3020 terrae
521 2975 606 3031 suae,
646 2963 767 3020 contra
792 2956 1019 3032 Willelmum,
1050 2957 1164 3019 archi·

214 3056 416 3137 episcopum
451 3053 693 3128 Senonensem‚
726 3060 761 3116 et
790 3054 1042 3128 Theobaldum,
1080 3056 1163 3118 Ble-

213 3151 370 3215 sensem⁴
407 3153 577 3228 comitem,
616 3153 826 3215 adducentes
866 3171 982 3214 secum
1024 3153 1164 3215 beatum

212 3251 397 3327 Thomam,
429 3249 712 3314 Cantuariensem
742 3250 1051 3330 archiepiscopum.
1117 3250 1165 3312 Et

213 3350 248 3411 in
266 3350 432 3422 crastino,
448 3349 538 3411 sieut
556 3349 680 3410 divinae
694 3348 826 3429 placuit
841 3347 1045 3428 prudentiae,
1062 3367 1164 3428 prece

214 3447 308 3527 regis
327 3446 497 3521 Franciae,
508 3455 544 3510 et
560 3446 722 3509 mandato
738 3455 773 3508 et
788 3447 1022 3509 admonitione
1039 3448 1165 3509 summi

213 3545 400 3626 pontificis,
425 3544 628 3618 Alexandri,
662 3563 794 3607 necnon
820 3552 855 3607 et
878 3545 1021 3608 oonsilio
1052 3544 1165 3606 archi-

214 3643 455 3723 episcoporum
484 3653 518 3706 et
545 3643 784 3723 episcoporum
809 3649 910 3705 terrae
930 3662 1014 3718 suae,
1036 3643 1166 3722 recepit

213 3741 339 3803 ibidem
365 3740 400 3801 in
430 3741 578 3820 gratiam
604 3749 639 3803 et
665 3759 817 3803 amorem
840 3759 942 3802 suum
962 3739 1165 3820 praedictum

252 3914 470 3979 ¹Senonensium.]
501 3915 539 3964 Of
564 3915 678 3977 Senonas,
739 3913 922 3976 'Turoniumd
939 3914 1029 3962 lours.

214 3987 440 4114 sellsllrnbnsiumJ
458 4053 587 4102 Amboise.
739 4051 749 4082 ⁴
768 4051 925 4113 Blesensem]
940 4049 978 4100 Os
985 4050 1171 4114 diamoron.
