3074 4508
364 334 408 395 24
734 349 943 396 canonicor

365 503 554 582 provinciae
571 515 671 570 erant
685 526 762 570 cum
779 526 871 587 rege.
916 503 1076 584 Rogerus
1093 501 1209 564 fautor
1228 502 1316 564 Rot-

366 603 457 667 berti
474 613 550 668 erat
566 606 602 667 in
618 606 760 669 castello
776 625 840 669 suo
855 601 1059 676 Arundello,
1075 600 1213 663 comitis
1227 620 1316 680 prae·

367 701 451 765 dicti
473 705 656 785 opperiens
681 704 876 767 adveutum.
929 700 1111 766 Goslridus
1135 698 1318 779 episcopus

369 798 659 880 constantiensis,
694 804 730 866 in
761 801 904 865 castello
940 802 1155 882 Brycstowa,
1184 797 1316 859 socium

368 900 618 981 conjurationis
640 912 676 966 et
691 901 840 983 perfidiae
859 901 1009 962 habebat
1021 917 1138 960 secum
1158 902 1317 976 nepotem

368 1014 470 1058 suum
499 996 709 1061 Rotbertum
739 999 781 1061 de
809 999 996 1074 Mulbraio,
1028 997 1138 1060 vuum
1171 1013 1317 1074 gnarum

368 1093 515 1169 militiae,
539 1097 600 1176 qui
626 1104 835 1175 congregato
857 1094 1012 1158 exercitu
1035 1095 1163 1157 invasit
1182 1092 1315 1154 Batho-

369 1191 474 1267 niam,
497 1192 675 1257 civitatem
698 1193 840 1274 regiam,
862 1211 1005 1272 eamque
1022 1191 1103 1271 igne
1126 1189 1317 1264 succendit,
1343 1257 1345 1263 s

370 1298 406 1353 et
417 1291 479 1353 illa
495 1292 707 1374 depraedata,
720 1291 881 1355 transivit
890 1291 926 1352 in
940 1289 1186 1363 Wiltusciram,
1198 1287 1316 1350 villas·

370 1408 438 1469 que
463 1390 690 1473 depopulans,
715 1392 970 1472 multorumque
998 1388 1171 1452 hominum
1199 1393 1318 1466 strage

370 1488 476 1562 facta,
501 1491 642 1553 tandem
668 1491 752 1553 adiit
778 1485 1074 1563 Givelceastram,¹
1101 1486 1247 1561 obsedit,
1282 1493 1318 1548 et

370 1604 575 1667 expugnare
615 1589 794 1670 disposuit.
862 1586 1026 1666 Pugnant
1064 1585 1217 1648 exterius
1256 1603 1318 1663 spe

370 1686 465 1763 capti
481 1687 610 1766 praedae
626 1695 660 1749 et
675 1704 790 1748 amore
806 1685 971 1756 victoriae,
988 1690 1183 1764 repugnant
1198 1682 1319 1744 intrin-

370 1799 472 1843 secus
488 1785 615 1846 acriter
631 1803 694 1862 pro
717 1803 753 1844 se
768 1799 977 1861 suorumque
991 1781 1114 1843 salute.
1165 1777 1321 1841 Tandem

370 1877 461 1940 inter
476 1886 664 1961 utrumque
681 1878 895 1943 necessitatis
910 1878 994 1942 vicit
1009 1896 1136 1955 causa3
1159 1876 1320 1958 repulsus
1408 1939 1409 1944 ,

371 1984 408 2038 et
444 1977 554 2041 tristis
594 1979 723 2042 recedit
753 1977 945 2041 Rotbertus
973 1978 1131 2058 privatus
1160 1976 1318 2039 victoria.

370 2073 571 2140 Willelmus
587 2078 630 2140 de
647 2075 748 2140 owe²
766 2074 1050 2139 Glawornensem
1066 2073 1201 2137 invadit
1216 2073 1318 2135 comi-

371 2179 497 2249 tatum,
513 2176 647 2254 regiam
666 2174 782 2237 villam
804 2172 1023 2252 depraedatur
1045 2167 1323 2246 Beorchelaum,³

371 2289 434 2350 per
473 2278 584 2334 totam
615 2271 705 2333 ferro
735 2279 770 2333 et
808 2269 947 2331 flamma
979 2268 1111 2349 grande
1143 2275 1322 2349 perpetrat

370 2367 512 2430 malum.
566 2369 660 2433 Dum
678 2376 793 2431 autem
811 2368 885 2430 haec
902 2367 1036 2431 interim
1055 2368 1323 2447 circumquaque

371 2468 727 2547 perpetranturmala,
736 2465 958 2529 Beornardus
969 2466 1011 2528 de
1024 2464 1128 2528 Novo
1136 2461 1323 2540 Mercatu,⁴

372 2562 549 2644 Rogerius
566 2566 609 2628 de
633 2564 769 2640 Laceio,
794 2564 853 2644 qui
872 2563 947 2646 jam
965 2583 1068 2644 super
1085 2583 1202 2644 regem
1224 2563 1323 2625 inva-

371 2670 467 2724 serat
499 2662 743 2740 Herefordam,
770 2660 929 2725 Rawlsus
959 2661 1001 2724 de
1032 2661 1173 2724 Mortuo
1204 2657 1324 2737 Mari,⁵

371 2760 623 2841 conjurationis
639 2761 735 2836 socii,
746 2779 823 2823 cum
837 2759 1031 2822 hominibus
1043 2759 1176 2822 comitis
1192 2758 1324 2838 Rogeri

373 2856 416 2919 de
437 2857 721 2942 Scrobbesbyria.
745 2864 955 2939 congregato
974 2876 1099 2938 magno
1117 2856 1325 2938 Anglorum,

374 2954 668 3034 Normannorum,
694 2964 728 3021 et
752 2956 967 3020 Walensium
987 2955 1161 3030 exercitu,
1184 2955 1324 3034 Wigor-

373 3072 515 3116 nensem
540 3057 739 3136 irruperunt
762 3056 797 3117 in
816 3054 1039 3135 provinciam,
1058 3051 1266 3116 affirmantes
1287 3071 1324 3114 se

372 3150 455 3230 igne
470 3161 684 3216 crematuros
706 3154 816 3234 ipsam
832 3152 1007 3214 civitatem
1021 3150 1326 3231 Wigreceastram,
1359 3181 1361 3184 ·

373 3250 587 3328 spoliaturos
610 3252 677 3314 Dei
694 3259 729 3313 et
753 3249 787 3313 S.
807 3249 931 3312 Mariae
949 3248 1140 3324 ecclesiam,
1158 3248 1324 3328 grandem

373 3346 416 3408 de
446 3349 539 3428 regis
566 3349 690 3412 incolis
720 3348 877 3410 fidelibus
902 3355 1101 3428 sumpturos
1126 3346 1325 3409 vindictam.

208 3455 359 3504 flauum
374 3443 443 3506 His
477 3446 618 3523 auditis,
647 3447 698 3508 vir
724 3465 859 3526 magnae
889 3445 1028 3525 pietatis
1057 3452 1091 3506 et
1121 3443 1326 3506 columbinae

205 3505 321 3603 {333⁸er
372 3543 619 3623 simplicitatis,
652 3545 729 3607 Deo
755 3543 952 3624 populoque
985 3562 1087 3622 quem
1118 3543 1263 3621 regebat
1292 3542 1328 3603 in

208 3604 292 3643 ''⁸¹⁰⁰''
374 3641 535 3702 omnibus
561 3643 734 3717 amabilis,
758 3643 844 3720 regi,
869 3649 907 3702 ut
936 3648 1073 3702 terreno
1097 3639 1248 3714 domino,
1267 3659 1329 3720 per

411 3852 418 3881 ¹
438 3851 652 3924 Givelceustrum.]
673 3858 803 3906 Ilchester.
899 3853 908 3880 ⁴
925 3855 965 3903 De
975 3851 1184 3923 Nooorliercutu]
1198 3856 1241 3904 De
1250 3856 1331 3905 New·

409 3953 420 3984 ²
439 3958 520 4020 own]
538 3958 589 4008 uu.
862 3923 1164 4056 mzmde'ltlortaolttart]
1183 3994 1225 4042 ne
1237 3993 1329 4040 Morti-

410 4053 634 4121 ³Beorchelaum.]
655 4060 790 4120 Berkeley.
862 4076 924 4110 mer.
