3074 4508
328 338 350 398 4
706 353 917 401 canonicor

167 523 310 562 Yorkburnt·
331 507 417 571 etin
433 508 580 572 ecclesia
597 508 715 572 Sancti
739 508 836 572 Petri
854 516 908 571 est
929 507 1095 589 sepultus.
1148 506 1279 569 Octavo

332 613 411 689 post
420 603 736 680 huucdie,scilicet{
748 606 906 668 xunkal.
919 606 1079 669 Octobris
1091 604 1279 684 [19Sept.],

334 703 502 780 sabbate,
537 702 573 766 N
576 703 732 765 ormanni
761 704 822 783 qui
854 704 999 766 castella
1034 703 1282 776 custodiebant,

334 801 497 863 timentes
513 820 557 863 ne
569 801 704 875 domus,
717 819 795 881 quae
814 819 921 881 prope
936 800 1080 863 castella
1098 807 1207 874 erant,
1221 799 1282 859 ad·

329 897 492 976 jumenta
514 899 627 961 Danis
649 898 692 960 ad
714 898 908 980 implendas
933 897 1046 959 fossas
1069 897 1282 959 castellorum

335 1001 465 1067 essent,
481 996 561 1073 igne
577 1014 637 1056 eas
657 996 865 1059 succendere
881 1000 1084 1076 coeperunt3
1109 994 1167 1073 qui
1184 993 1282 1054 nimis

335 1108 554 1165 excrescens,
591 1098 701 1153 totam
730 1093 908 1155 civitatem
940 1084 1280 1167 invasit,'monaste-

169 1217 283 1257 monor.
334 1188 495 1269 riumque
513 1188 548 1252 S.
559 1186 667 1251 ¹Petri
682 1207 759 1250 cum
773 1189 850 1270 ipsa
866 1190 1089 1268 consumpsit.
1142 1187 1205 1249 Sed
1219 1186 1284 1249 hoc

168 1269 305 1365 iiiiii}
335 1286 468 1349 ultione
499 1287 618 1350 divina
650 1287 816 1350 citissime
846 1287 882 1349 iu
911 1287 961 1348 eis
991 1285 1200 1347 vindicatum
1230 1291 1284 1346 est

168 1364 295 1404 ‘mm‘
335 1385 554 1462 gravissime.
613 1384 706 1447 Nam
725 1385 925 1465 priusquam
953 1392 1029 1447 tota
1054 1383 1176 1446 civitas
1196 1388 1286 1444 esset

334 1482 531 1553 combusta,
558 1481 694 1544 Danica
727 1483 847 1545 classis
876 1483 1087 1562 supervenit,
1120 1481 1204 1544 feria
1233 1495 1285 1554 ιι,

335 1586 371 1639 et
395 1576 551 1638 castellis
574 1578 692 1639 eodem
713 1579 769 1642 die
786 1578 918 1655 fractis,
933 1588 968 1642 et
988 1581 1066 1659 plus
1087 1576 1284 1640 tribusmil-

336 1673 426 1736 libus
454 1693 499 1736 ex
527 1672 739 1736 Normannis
765 1676 956 1750 trucidatis
971 1676 1148 1738 Willelmo
1174 1673 1283 1736 ltlalet

335 1790 415 1860 cum
431 1790 497 1833 sua
511 1771 660 1852 conjuge
687 1778 722 1833 et
745 1772 879 1833 duobus
906 1772 1035 1847 liberis,
1052 1772 1195 1851 aliisque
1209 1788 1282 1852 per-

335 1869 471 1949 pauciS,
485 1867 569 1931 vitae
590 1868 789 1944 reservatis,
806 1887 914 1932 naves
931 1888 1010 1931 cum
1031 1869 1214 1931 innumeris
1230 1887 1283 1929 re-

167 1977 318 2067 Wffltltqgu·
334 1966 466 2047 petiere
488 1967 671 2029 manubiis.
724 1965 829 2044 Quod
849 1968 908 2030 ubi
936 1968 1010 2048 regi
1030 1967 1180 2031 innotuit
1199 1965 1287 2028 Wil-

167 2039 289 2166 ffitium·
335 2063 453 2141 lelmo,
482 2064 639 2128 exercitu
664 2083 748 2127 mox
772 2071 997 2145 congregato,
1027 2066 1064 2127 in
1098 2063 1286 2142 Northym-

219 2153 225 2173 '
336 2162 448 2224 briam
481 2161 624 2224 efferato
644 2162 864 2242 properavit
896 2162 1021 2236 animo,
1056 2177 1199 2239 eamque
1226 2177 1289 2238 per

336 2264 448 2320 totam
472 2256 619 2320 hiemem
642 2257 839 2333 devastare,
860 2257 1084 2339 hominesque
1106 2256 1287 2331 trucidare,

169 2368 304 2466 ffiqpfl
337 2362 374 2417 et
406 2355 520 2418 multa
555 2354 649 2417 mala
681 2374 751 2418 non
782 2357 941 2418 cessabat
977 2353 1104 2436 agere.¹
1152 2353 1289 2416 Interea

170 2466 273 2511 Asnam.
337 2453 469 2515 nuntiis
491 2452 537 2514 ad
568 2453 741 2515 Danicum
764 2453 924 2516 comitem
946 2453 1139 2516 Esbernum
1165 2452 1288 2525 missis,

260 2609 287 2618 ..
336 2548 526 2630 spopondit
551 2569 589 2613 se
611 2550 771 2613 clanculo
794 2549 955 2611 daturum
979 2550 1121 2612 illinon
1147 2549 1287 2611 modicae

336 2665 509 2709 summam
532 2648 698 2727 pecuniae,
717 2652 752 2709 et
776 2647 1022 2728 permissurum
1037 2649 1181 2710 licenter
1193 2664 1290 2707 exer·

336 2744 420 2807 citui
436 2763 502 2807 suo
515 2745 647 2807 victum
666 2745 733 2807 sibi
754 2744 846 2807 circa
863 2744 958 2826 ripas
974 2745 1079 2806 maris
1098 2761 1229 2824 rapere,
1246 2761 1290 2805 ca

220 2859 224 2866 ·
264 2850 266 2854 '
336 2845 455 2903 tamen
469 2841 675 2922 interposita
694 2841 904 2916 conditione,
922 2848 966 2903 ut
985 2843 1060 2904 sine
1082 2859 1200 2923 pugna
1219 2840 1298 2902 dis-⁴

337 2938 476 3001 cederet
499 2945 642 3019 peracta
666 2939 790 3002 hieme.
843 2939 910 3002 Ille
932 2947 1049 3002 autem
1072 2939 1148 3001 auri
1172 2956 1291 3017 argen-

339 3034 436 3115 tique
464 3036 566 3097 nimis
601 3035 737 3110 avidus,
769 3054 838 3098 non
873 3036 948 3098 sine
975 3055 1103 3117 magno
1120 3034 1291 3098 'dedecore

173 3142 315 3232 §graffio
340 3133 395 3194 sui
418 3133 537 3213 petitis
566 3133 746 3196 concessit.
794 3133 1005 3197 Normannis
1039 3133 1202 3216 Angliam
1227 3150 1290 3194 va·

126 3304 128 3309 ,
172 3241 226 3280 bria·
285 3213 294 3226 ’
341 3230 528 3305 stantibus,
544 3230 580 3292 in
590 3230 626 3293 N
628 3230 842 3311 orthymbria
854 3237 888 3293 et
897 3232 1105 3312 quibusdam
1121 3230 1198 3292 aliis
1212 3247 1293 3309 pro·

341 3326 467 3389 vinciis
493 3345 583 3389 anno
606 3327 827 3409 praecedenti,
850 3329 910 3390 sed
933 3329 1097 3409 praesenti
1120 3334 1155 3389 et
1176 3328 1293 3388 subse·

341 3424 465 3503 quenti
490 3424 562 3486 fere
591 3444 654 3505 per
695 3433 814 3488 totam·
836 3424 1011 3506 Angliam,
1050 3425 1201 3486 maxime
1231 3442 1293 3504 per

342 3518 630 3600 Northymbriam
659 3530 694 3584 et
716 3541 779 3603 per
801 3524 984 3603 contiguas
1009 3522 1060 3584 illi
1088 3521 1294 3603 provincias,

341 3616 428 3679 adeo
444 3616 554 3679 fames
570 3618 764 3698 praevaluit,
783 3627 822 3682 ut
838 3619 992 3682 homines
1016 3621 1189 3700 equinam,
1204 3618 1295 3680 cani-

341 3732 434 3789 nam,
453 3716 631 3790 cattinam,
649 3723 683 3778 et
699 3734 836 3778 carnem
854 3717 1071 3778 comederent
1086 3717 1278 3779 humanam.

176 3821 239 3863 A·1>·
249 3823 307 3862 ¹⁰⁷⁰·
384 3811 555 3875 Willelmi
577 3812 842 3875 Herefordensis
866 3815 999 3876 comitis
1026 3821 1061 3875 et
1080 3813 1293 3894 quorundam

175 3887 290 3975 firma
341 3907 489 3971 aliorum
521 3911 677 3985 consilia,
714 3918 869 3990 tempore
899 3901 1205 3992 Quadragesimali
1235 3910 1294 3988 [17
1376 3948 1377 3951 =

653 4063 660 4096 ¹
678 4067 740 4116 Sux.
752 4067 848 4117 chron.
859 4082 884 4117 a.
897 4073 970 4118 1068.
