3074 4508
447 328 636 375 rnousrvrn
662 329 938 376 wreoenrnrvsm.
1104 312 1170 376 119

220 484 371 546 mittunt.
426 485 570 548 Videret
611 485 671 566 qui
713 484 845 560 afforet,
887 492 996 548 totam
1040 485 1166 550 civium

217 583 467 663 supellectilem
491 584 613 647 deferri
634 585 671 645 in
695 583 884 646 basilicam.
937 583 967 646 Ο
992 585 1168 649 miseriam

217 682 355 745 videre!
401 683 492 745 Ecce
513 683 633 747 domus
653 683 731 757 Dei,
748 701 826 763 quae
849 682 1011 745 intranda
1032 685 1166 750 eratin

218 779 443 857 holocaustis,
477 782 535 844 ubi
566 781 811 846 immolandum
845 790 921 844 erat
955 781 1165 847 sacrificium

219 877 345 954 laudis,
366 880 538 944 reddenda
556 887 639 944 vota
664 881 845 956 altissima,
874 881 1013 944 videtur
1040 883 1164 964 inprae-

217 977 408 1041 sentiarum
426 979 521 1042 velut
544 978 768 1060 supellectilis
790 996 883 1042 casa.
937 979 1028 1043 Ecce
1056 981 1164 1044 totins

218 1077 439 1158 episcopatus
477 1077 665 1161 principale
703 1077 896 1141 coenobium
939 1077 1068 1141 factum
1111 1086 1165 1142 est

217 1176 345 1238 civium
365 1176 600 1253 diversorium,
617 1185 651 1241 et
676 1176 849 1258 quoddam
867 1174 1162 1241 declamatorium.

216 1271 455 1338 Armoriornm
481 1284 515 1340 et
544 1295 721 1338 saccorum
746 1275 971 1355 plurimorum
1001 1296 1074 1357 pree
1099 1295 1163 1339 nu-

217 1390 324 1448 mero,
334 1375 402 1437 Dei
416 1376 525 1438 servis
540 1375 599 1437 vix
614 1375 710 1437 locus
725 1373 760 1434 in
774 1373 837 1436 tali
852 1391 943 1435 nunc
959 1373 1162 1438 diversorio.

218 1470 319 1533 Intus
345 1472 465 1554 psallit
490 1473 612 1547 clerus,
637 1472 720 1535 soris
745 1473 843 1552 vagit
864 1471 990 1549 infans,
1020 1473 1163 1536 vocibus

217 1571 436 1650 psallentium
481 1579 618 1634 resonat
658 1590 728 1633 vox
768 1569 981 1645 lactentium,
1022 1590 1163 1652 voxque

216 1676 365 1732 matrum
405 1669 602 1750 lugentium.
663 1668 807 1731 Miseria
846 1687 950 1749 super
990 1669 1163 1733 miseriam

217 1768 344 1833 videre.
386 1768 509 1832 Altare
525 1767 711 1850 principale
725 1775 798 1830 stat
814 1775 1016 1830 ornamento
1033 1768 1163 1849 spolia-

216 1873 302 1941 tum,
317 1887 402 1930 crux
419 1869 586 1949 deposita,
601 1868 716 1947 imago
731 1865 958 1930 sanctissimae
974 1866 1042 1930 Dei
1065 1867 1162 1947 geni-

213 1965 310 2026 tricis
342 1965 465 2028 Mariae
503 1966 613 2028 oculis
651 1967 838 2028 subtracta.
893 1962 1046 2027 Cortinae
1083 1984 1161 2028 cum

213 2060 330 2142 pallis,
351 2062 440 2126 albae
454 2082 531 2126 cum
549 2062 680 2143 cappis,
700 2062 800 2126 stolae
825 2079 902 2124 cnm
921 2062 1083 2142 planetis,
1099 2081 1161 2144 pa·

214 2161 339 2224 rictum
354 2163 463 2243 septis
478 2161 708 2225 includuntur.
753 2159 797 2223 In
815 2167 1011 2222 sanctorum
1026 2158 1161 2224 festivi·

214 2260 343 2322 tatibus
367 2260 411 2323 ad
434 2261 585 2325 divinum
604 2258 843 2323 celebrandum
868 2255 1015 2322 officium
1035 2258 1163 2324 desunt

213 2357 330 2430 decus,
368 2357 489 2435 bonor,
522 2359 632 2422 omnis
668 2359 771 2422 solita
808 2355 1075 2437 magnificentia.
1127 2355 1162 2420 A

213 2455 337 2518 timore
351 2455 407 2519 vel
421 2476 494 2538 prae
508 2457 629 2520 timore
643 2456 858 2518 inimicorum
881 2455 953 2517 haec
971 2455 1161 2535 disponun-

212 2560 271 2615 tur
299 2555 424 2630 omnia,
459 2575 503 2619 ne
535 2561 675 2636 repente
707 2553 864 2617 inimicus
902 2552 1160 2633 superveniens,

212 2652 314 2715 tollat
328 2660 456 2716 cuncta
472 2672 549 2736 quoe
566 2653 727 2734 repperit,
750 2659 786 2714 et
807 2651 857 2714 sic
876 2651 912 2713 in
927 2651 1081 2714 vanitate
1096 2670 1161 2715 sua

212 2750 413 2831 praevaleat.
465 2752 509 2816 In
534 2751 681 2815 articulo
706 2750 774 2813 diei
799 2749 995 2831 incipientis
1015 2750 1160 2826 brumae,
1173 2766 1289 2814 rheuma

210 2847 276 2912 boc
299 2858 353 2913 est
370 2867 433 2913 vn.
448 2851 526 2914 idus
547 2849 718 2913 Novemb.
738 2845 776 2932 [7
794 2845 917 2932 Nov.]‚
937 2847 1024 2910 feria
1044 2849 1160 2924 tertia,
1173 2817 1305 2915 ἕῗῗηῗῗῖ

210 2947 292 3010 dum
316 2949 360 3010 ad
387 2948 525 3012 laudem
547 2947 697 3011 divinam
722 2948 758 3009 in
785 2944 931 3009 ecclesia
956 2945 1095 3022 fuimus,
1125 2915 1327 3010 etiiidsse‘i‘tfff‘

205 3045 281 3127 jam
297 3047 444 3128 primam
462 3048 579 3110 horam
593 3046 662 3109 diei
678 3045 949 3120 decantavimus,
960 3062 1052 3119 ecco,
1067 3045 1160 3126 quod

208 3145 368 3224 plurimis
385 3155 468 3209 ante
485 3145 605 3208 diebus
621 3145 761 3207 auribus
779 3143 968 3217 hausimus
985 3145 1160 3207 exercitus

209 3262 356 3322 magnus
388 3244 488 3307 valdo
523 3250 558 3306 et
588 3242 699 3318 fortis,
730 3243 774 3304 ab
808 3248 927 3304 austro
958 3241 1113 3317 veniens,
1140 3261 1160 3304 e

210 3342 338 3420 vagina
352 3343 494 3405 malitiae
511 3341 738 3422 progreditur.
774 3339 866 3403 Urbs
882 3332 1038 3403 Glaorna
1053 3340 1159 3402 armis

208 3439 414 3503 militaribus
430 3441 611 3515 instructa,
627 3440 773 3520 equestri
789 3445 824 3500 et
837 3437 990 3517 pedestri
1002 3439 1159 3501 exercitu

208 3538 449 3602 innumerabili
468 3538 620 3613 suffulta,
642 3537 797 3620 procedit
816 3536 993 3599 civitatem
1016 3535 1158 3616 Wigor·

209 3655 289 3698 nam
307 3638 483 3713 invasura,
499 3645 689 3711 vastatura,
707 3636 788 3716 igne
805 3636 1039 3697 combustura.
1080 3633 1158 3697 Nos

208 3743 324 3798 antem
347 3737 508 3799 timentes
530 3735 738 3798 ornamentis
762 3733 963 3807 sanctuarii,
981 3731 1158 3810 benignis-

207 3834 285 3895 simi
302 3834 437 3913 patroni
455 3833 563 3895 nostri
580 3832 734 3895 Osvvaldi
750 3830 913 3910 reliquias
929 3829 1017 3892 albis
1033 3829 1157 3904 induti,

209 3940 283 3995 tota
298 3939 444 3993 sonante
462 3930 583 4005 classo,
601 3949 679 3992 cum
701 3928 822 3990 humili
836 3927 1057 4008 processione
1075 3926 1158 3989 foris

208 4031 408 4106 extulimus,
432 4038 466 4092 ct
488 4031 531 4094 ob
558 4028 707 4093 hostium
736 4027 960 4108 irruptionem
989 4025 1032 4089 de
1055 4033 1158 4107 porta
