3074 4508
435 339 628 388 reonrurn
656 337 935 387 wrconurrusrs
1121 324 1164 386 13

260 495 343 557 Rex
364 493 562 557 Scottorum
595 493 814 569 ntalcolmus,
839 500 921 574 post
939 491 1162 575 Assumptio·
1190 521 1323 561 nomon.

209 613 288 655 nem
307 592 344 656 S.
363 593 487 655 Mariae
507 593 566 672 [15
581 590 704 672 Aug.],
734 591 1022 672 Northymbriam
1053 612 1164 674 usque
1176 589 1319 676 ζξζξῖξξξῗξξ,

208 690 253 752 ad
268 710 433 771 magnum
449 691 578 752 flumen
593 690 692 752 Tinae
707 689 916 765 devastavit,
929 690 1058 752 multos
1076 691 1164 753 occi·
1176 687 1332 776 {ssfflffll

209 788 271 863 dit,
284 789 402 869 plures
416 788 621 869 captivavit,
633 796 668 851 et
682 806 758 850 cum
774 787 893 868 praeda
908 806 1035 867 magna
1048 787 1163 852 rediit.

210 885 292 948 Rex
303 885 502 948 Willelmus
516 885 587 948 lilio
603 904 668 949 suo
686 885 866 959 Rotberto,
886 892 969 947 ante
982 885 1163 948 castellum
1177 913 1272 954 umam

211 982 448 1059 Gerbothret‚¹
469 983 561 1064 quod
587 983 618 1046 ei
646 1003 709 1046 rex
731 982 916 1064 Philippus
939 984 1163 1064 praestiterat,
1176 965 1332 1052 liiiss‘dffl

211 1081 295 1142 dum
327 1100 481 1162 pugnam
511 1080 678 1157 intulerit,
713 1083 756 1143 ab
788 1081 866 1162 ipso
894 1082 1097 1145 vulneratus
1128 1081 1165 1143 in
1176 1063 1277 1149 {lirinis

210 1178 364 1253 brachio,
382 1180 424 1241 de
445 1198 510 1242 suo
529 1179 683 1261 dejectus
700 1188 753 1242 est
772 1180 970 1242 emissario:
995 1179 1056 1241 sed
1080 1199 1164 1242 mox
1177 1160 1284 1200 ⁶⁸¹¹'‘¹⁰¹'

210 1284 251 1339 ut
267 1275 366 1338 illum
391 1296 453 1357 per
466 1296 587 1340 vocem
610 1277 841 1356 cognovisset,
858 1275 1004 1338 festinus
1023 1277 1165 1339 descen-

212 1373 275 1449 dit,
295 1393 336 1436 ac
359 1375 456 1436 illum
480 1393 581 1436 suum
604 1374 774 1437 caballum
791 1373 977 1438 ascendere
994 1373 1113 1455 jussit,
1130 1383 1167 1438 et

211 1471 262 1532 sic
289 1473 384 1534 abire
410 1473 575 1553 permisit.
628 1471 694 1535 Ille
722 1478 851 1547 autem,
877 1472 995 1534 multis
1022 1491 1166 1535 suorum

213 1568 337 1631 occisis
361 1571 604 1649 nonnullisque
624 1570 747 1648 captiS,
763 1588 805 1632 ac
824 1568 894 1631 filio
911 1588 974 1631 suo
987 1569 1166 1634 Willelmo

212 1686 292 1730 cum
323 1667 442 1729 multis
473 1667 550 1728 aliis
575 1665 765 1741 vulnerato,
793 1666 912 1745 sugam
942 1664 1044 1728 iniit.²
1098 1666 1166 1728 Ve-
1180 1699 1303 1738 umor.

213 1766 387 1826 nerandus
420 1765 476 1827 vir
507 1764 711 1838 Rotbertus,
746 1764 806 1844 qui
840 1781 904 1844 per
936 1763 1165 1826 ministerium
1179 1749 1322 1836 ἓῖζῖξῗὲξξα,

215 1862 492 1924 reverendissimi
539 1860 780 1940 Wigornensis
815 1861 969 1942 episcopi
1012 1861 1166 1925 Wlstani

214 1958 362 2038 gradum
397 1960 658 2038 presbyteratus
692 1960 856 2039 suscepit,
891 1978 914 2020 a
948 1957 1167 2023 Landfranco

214 2055 462 2137 archipraesule
505 2055 745 2130 Doroberniae,
787 2055 833 2117 ad
875 2053 1168 2119 Heresordensem

214 2154 409 2229 ecclesiam,
426 2169 476 2215 tv,
493 2151 564 2216 kal.
579 2151 602 2215 J
606 2154 740 2215 anuarii
758 2153 818 2233 [29
836 2153 952 2233 Dec.],
973 2153 1028 2216 die
1046 2153 1170 2218 Domi·

215 2251 306 2325 nica,
322 2251 506 2332 episcopus
521 2250 702 2313 ordinatur
718 2250 929 2322 Cantuariae.

267 2347 540 2411 Dunholmensis
555 2349 738 2428 episcopus
749 2349 946 2424 Walcerus,
961 2367 1087 2428 genere
1100 2348 1167 2412 Lo·
1193 2382 1220 2422 Δ,
1229 2379 1256 2418 n,
1267 2381 1323 2418 roeo.

217 2445 413 2524 thuringus,
428 2447 464 2507 in
486 2445 564 2507 loco
587 2445 648 2524 qui
670 2445 796 2508 dicitur
812 2444 869 2508 Ad
889 2444 1005 2526 Caput
1029 2445 1168 2526 Caprae,
1181 2445 1304 2485 Mummi

216 2559 256 2606 11.
272 2541 351 2604 raus
367 2542 457 2605 Man
475 2542 535 2622 [rr
550 2542 668 2623 Mun,
682 2541 767 2605 ferra
785 2559 832 2618 v,
850 2562 873 2605 a
889 2542 1169 2624 Northymbren-
1181 2495 1336 2586 diffidi

1303 2591 1335 2630 ad.

215 2641 312 2703 sibus
329 2649 383 2704 est
402 2641 550 2716 occisus,
566 2641 602 2702 in
619 2641 784 2704 ultionem
800 2641 894 2703 necis
913 2640 1031 2715 Liulfi,
1044 2642 1170 2705 nobilis
1181 2594 1302 2633 “em

216 2739 446 2819 generosique
476 2739 633 2801 ministri.
684 2737 754 2801 Hic
783 2740 902 2819 itaque
928 2739 982 2800 vir
1007 2737 1077 2801 late
1108 2758 1172 2820 per

216 2834 382 2916 Angliam
400 2836 635 2917 possessiones
652 2836 780 2899 multas
796 2855 842 2898 ex
858 2835 1078 2898 haereditario
1090 2835 1172 2916 jure

217 2933 396 3014 possedit3
432 2933 492 2995 sed
520 2934 604 3013 quia
632 2932 759 3013 ubique
790 2934 943 2996 locorum
977 2932 1174 2995 Normanni

216 3031 433 3093 incessanter
462 3049 503 3092 ea
532 3037 739 3111 tempestate
769 3033 910 3112 operam
937 3030 1068 3093 dabant
1098 3049 1173 3093 suae

218 3128 456 3203 taritaticum
478 3128 549 3189 suis
568 3128 726 3190 omnibus
747 3127 791 3190 ad
814 3127 1011 3191 Dunholme
1032 3146 1070 3189 se
1089 3145 1174 3190 con·

219 3227 313 3301 tulit,
334 3227 418 3306 quia
439 3225 474 3287 S.
492 3224 722 3288 Cuthbertum
745 3225 848 3287 corde
870 3226 1006 3287 sincero
1029 3223 1172 3302 dilexit3

220 3325 350 3403 quippe
382 3323 438 3385 cui
467 3323 555 3385 idem
585 3331 739 3397 sanctus,
771 3329 810 3385 ut
844 3322 992 3402 ipsemet
1020 3320 1175 3384 Aldredo

221 3420 434 3483 Eboracensi
456 3420 726 3501 archiepiscopo,
749 3427 784 3482 et
802 3419 879 3480 aliis
899 3419 983 3480 viris
1002 3419 1175 3497 religiosis

222 3536 364 3580 narrare
397 3525 634 3592 consueverat,
667 3526 703 3579 et
733 3516 917 3578 dormienti
950 3523 985 3577 et
1014 3516 1176 3595 vigilanti

221 3634 378 3696 persaepe
394 3617 567 3696 apparuit,
581 3623 616 3678 et
631 3633 709 3695 quae
725 3614 799 3676 fieri
812 3613 935 3687 voluit,
948 3620 988 3674 ut
1003 3632 1067 3675 suo
1082 3613 1176 3674 fideli

222 3713 382 3786 amatori,
403 3713 591 3776 revelavit:
623 3713 687 3774 sub
713 3711 812 3792 cujus
835 3729 933 3790 pace,
960 3729 1050 3771 nunc
1080 3710 1176 3771 etin

223 3810 364 3890 oppido,
380 3829 471 3871 nunc
495 3811 530 3871 in
551 3811 624 3872 suis
646 3809 934 3890 possessionibus
950 3825 1037 3887 quas
1055 3805 1124 3867 illis
1140 3806 1176 3867 in

256 3957 265 3990 ¹
281 3955 449 4028 Gerbotaree]
465 3959 597 4021 Gerberoi,
608 3973 624 4006 a
635 3963 702 4005 town
713 3958 742 4005 ol
757 3957 878 4019 Picardy,
892 3957 939 4004 five
958 3954 1056 4004 French
1073 3955 1179 4015 leugues

221 4030 283 4077 from
297 4030 435 4078 Beauvais.
613 4024 623 4054 ²
639 4027 701 4075 Sex.
714 4025 808 4076 Chron.
