3074 4508
206 3771 301 3810 Electlon
311 3771 335 3809 οἰ

205 3832 258 3868 pope
267 3821 336 3860 Celes·

206 3871 251 3909 tine
261 3870 287 3911 V.

392 324 459 391 272
640 340 890 390 courmunrro
914 340 1090 389 annorum

384 509 597 582 parceretur.
644 499 714 564 Per
736 498 855 562 domos
880 496 982 573 enim,
1006 497 1096 572 loca,
1118 498 1160 559 ‘ct
1182 493 1336 576 hospitia

382 601 620 681 praelatorum,
646 598 980 681 archiepiscoporum
1006 595 1176 671 videlicet,
1198 595 1333 676 episco-

382 718 517 779 porum,
548 699 723 774 abbatum,
750 698 1081 770 archidiaconorum,
1102 693 1332 775 praebendari-

381 815 492 870 orum,
515 797 551 857 in
573 795 726 859 ecclesiis
744 796 1011 870 cathedralibus,
1029 801 1064 857 et
1087 793 1174 869 aliis,
1197 810 1330 856 necnon

380 903 553 957 rectorum
570 913 632 957 seu
649 893 877 968 vicariorum3
902 895 962 957 sed
980 901 1016 957 et
1031 913 1094 975 per
1109 910 1227 955 omnes
1243 890 1329 955 civi·

381 999 484 1068 tates,
496 995 637 1073 burgos,
650 992 805 1068 castella,
818 993 923 1067 vicoS,
934 998 969 1055 et
983 992 1094 1066 villan,
1106 999 1142 1054 et
1150 1008 1329 1071 personas,

378 1097 451 1152 tam
484 1093 669 1155 saeculares
692 1110 796 1173 quam
822 1090 1094 1164 ecclesiasticas,
1109 1108 1214 1171 penes
1239 1106 1328 1170 quas

379 1189 499 1270 aliqua
514 1191 721 1271 sperabatur
742 1208 844 1270 posse
860 1189 1002 1270 reperiri
1025 1189 1180 1270 pecunia,
1198 1187 1330 1251 discur-

379 1296 504 1361 rentes,
528 1308 645 1351 omnes
668 1307 823 1351 serruras
845 1289 910 1351 sibi
928 1289 1109 1369 jusserunt
1137 1287 1326 1360 reservari;

379 1397 587 1469 apertasque
617 1396 813 1452 scrutantes
840 1388 982 1450 inventa
1011 1386 1263 1467 sigillaverunt,
1290 1391 1328 1448 et

379 1496 630 1568 reposuerunt3
671 1508 739 1551 non
768 1493 907 1569 apertas
933 1485 1103 1550 violenter
1138 1484 1328 1565 fregerunt,

379 1593 414 1648 ct
437 1588 664 1650 inventarium
687 1607 793 1668 penes
815 1606 853 1648 se
879 1586 1074 1661 retinentes,
1101 1583 1184 1646 nibil
1210 1592 1327 1647 tamen

378 1686 517 1763 penitus
569 1685 661 1766 apud
705 1705 764 1747 eos
807 1691 1039 1764 asportantes,
1082 1681 1160 1745 illas
1208 1689 1327 1745 tamen

378 1783 607 1859 recludentes,
629 1782 752 1863 sigillis
778 1782 850 1843 suis
876 1789 946 1844 tam
973 1781 1102 1861 apertis
1129 1799 1231 1861 quam
1257 1798 1327 1844 non

377 1881 508 1961 apertis
525 1871 705 1962 appositis‘,
727 1888 951 1943 recesserunt.
1004 1879 1111 1961 Operi
1133 1879 1236 1942 etiam
1253 1887 1326 1943 tam

378 1979 510 2042 nefario
533 1980 646 2043 scelus
668 1980 873 2055 inauditnm,
889 1986 924 2042 et
949 1979 1015 2060 piis
1043 1977 1182 2042 auribus
1205 1996 1329 2060 snper.

376 2078 638 2142 accumulanter
659 2079 923 2153 abhorrendum,
944 2077 1190 2141 monasterium
1212 2077 1326 2142 sancti

375 2177 467 2256 regis
497 2184 533 2240 et
564 2179 726 2259 martyris
757 2176 963 2252 Eadmundi,
996 2181 1075 2238 cum
1104 2175 1189 2238 villa
1224 2175 1326 2258 adja·
1368 2224 1377 2233 .

377 2281 489 2350 cente,
515 2294 594 2356 quae
619 2295 683 2356 pro
714 2274 855 2337 civitate
878 2274 1004 2354 refugii
1033 2292 1055 2336 a
1087 2274 1208 2354 priscis
1236 2281 1324 2338 tem·

375 2373 518 2452 poribus
541 2373 679 2436 fuerant
700 2372 901 2446 constituta,
928 2391 1007 2453 qnae
1032 2391 1132 2435 nemo
1155 2372 1323 2437 hactenus

376 2491 497 2552 regum
523 2478 696 2535 attentare
725 2477 1005 2553 praesumpserat,
1033 2471 1069 2534 in
1097 2471 1324 2535 immunitatis

375 2570 621 2633 ecclesiasticae
658 2570 908 2652 praejudicium,
938 2589 1003 2632 suo
1035 2570 1205 2633 violenter
1242 2589 1324 2652 pro·

374 2668 618 2750 phanaveinnt
633 2669 812 2733 scrutinio.
865 2668 911 2732 Et
934 2687 997 2731 nec
1022 2688 1142 2749 regum
1167 2669 1321 2733 collatio-

374 2767 476 2830 nibus
514 2787 578 2831 nec
623 2787 834 2831 summorum
882 2766 1085 2848 pontificum
1131 2766 1323 2831 deferentes

373 2866 554 2928 sententiis
575 2866 669 2943 latis,
691 2867 726 2929 iu
749 2866 940 2929 animarum
967 2885 1108 2929 suarum
1127 2866 1321 2946 perniciem,

372 2965 562 3028 secundum
592 2965 736 3028 formam
777 2966 859 3028 alibi
895 2963 1036 3040 factam,
1071 2975 1107 3027 et
1146 2964 1249 3040 ultra,
1285 2966 1321 3028 in

373 3065 532 3127 omnibus
569 3071 816 3144 processerunt.
878 3062 1202 3126 Transmarinorum
1239 3082 1321 3126 vero

372 3170 602 3226 mercatorum
625 3163 788 3244 pecunias
812 3161 950 3243 aliaque
973 3181 1093 3224 eorum
1121 3162 1222 3238 bona,
1244 3162 1320 3225 ubi·

372 3278 511 3341 cunque
539 3263 694 3336 inventa,
725 3269 794 3324 tarn
823 3261 858 3322 in
885 3260 1039 3323 ecclesiis
1070 3278 1174 3340 qnam
1207 3268 1321 3337 extra,

371 3366 548 3439 ceperunt,
574 3361 675 3423 etad
700 3359 899 3423 thesaurum
923 3359 1058 3439 regium
1081 3365 1318 3440 portaverunt.

372 3455 506 3520 Tallias
545 3459 648 3520 etiam
683 3459 905 3539 pecuniarum
939 3476 1080 3520 suarum
1123 3456 1188 3519 sibi
1225 3458 1319 3520 debi-

372 3562 499 3630 tarum,
530 3556 566 3617 in
594 3558 762 3619 manibus
779 3564 1009 3619 mercatorum
1041 3555 1083 3618 de
1111 3554 1241 3636 Anglia
1270 3556 1321 3617 in-

372 3661 507 3726 ventas,
538 3654 766 3729 retinuerunt,
793 3662 827 3717 et
858 3654 900 3716 ad
932 3653 1139 3716 solutionem
1174 3654 1240 3717 sibi
1268 3654 1321 3717 fa-

371 3751 526 3814 ciendam
567 3753 661 3833 ipsos
701 3753 952 3835 compulerunt.
1016 3752 1141 3814 Petrus
1180 3753 1318 3833 qnidam

371 3850 605 3927 Muronensis,
625 3850 761 3932 Apulus
790 3870 927 3933 genere,
956 3851 1130 3914 Frederici
1147 3851 1320 3932 quondam

369 3951 588 4032 imperatoris
625 3951 812 4032 aliquando
850 3950 1016 4024 notarius,
1054 3950 1112 4030 qui
1141 3951 1204 4012 sub
1242 3969 1322 4029 pro-

370 4050 517 4110 fessione
533 4049 664 4128 regulae
679 4050 714 4113 S.
729 4050 920 4124 Benedicti,
933 4050 1030 4128 qui-a
1045 4057 1162 4111 moute
1175 4046 1321 4112 Cassino
