3074 4508
442 365 634 413 ruonruru
662 364 945 414 wrconumusrs.
1101 355 1168 417 195

211 518 360 582 curiales
393 528 636 599 extorserunt3
681 523 771 585 unde
805 531 840 586 et
870 522 912 585 de
946 522 1094 587 ecclesia
1125 524 1162 588 S.

210 619 373 700 martyris
404 619 576 683 Edmundi
611 622 681 685 sere
714 620 841 684 nccc¹⁸⁸
864 639 999 685 marcas
1030 622 1163 686 habue-

209 724 301 780 runt.
318 717 444 799 [Istius
454 721 610 800 pecuniae
622 719 799 783 dimidiam
810 728 942 801 partem
953 732 1161 797 conventus,

210 811 445 893 licetinvitus,
453 818 612 894 reddidit,
621 819 704 899 quia
714 825 784 881 tam
796 818 951 883 homiues
967 830 1162 884 conventus

210 929 316 991 quam
335 916 470 978 abbatis
488 917 532 978 ad
550 918 744 980 custodiam
760 919 866 981 maris
882 919 1022 981 suerunt
1037 930 1162 983 contra

209 1012 378 1090 reginam,
396 1033 439 1076 ne
457 1034 534 1078 cum
549 1017 706 1079 exercitu
727 1037 791 1080 suo
807 1015 971 1097 Angliam
992 1018 1158 1091 intraret;

208 1118 436 1174 veruntamen
444 1114 479 1174 in
491 1114 588 1176 curia
598 1115 688 1196 regis
699 1116 915 1179 solummodo
927 1133 1009 1195 pars
1021 1116 1160 1179 abbatis

208 1205 252 1269 de
274 1211 549 1292 transgressione
573 1213 859 1288 calumniabatur,
878 1219 913 1276 et
933 1213 1012 1276 ideo
1038 1212 1159 1277 durius

208 1316 400 1372 conventus
416 1312 637 1391 partitionem
658 1314 814 1394 pecuniae
834 1311 1008 1394 praedictae
1029 1313 1158 1376 tolera·

156 1427 157 1431 ¹
206 1405 305 1481 bant,
335 1416 369 1470 et
402 1417 544 1490 propter
575 1411 834 1474 similitudinem
869 1409 1156 1496 consequentiae]

209 1502 417 1585 Imponebat
440 1528 521 1572 vero
545 1528 609 1572 rex
640 1508 788 1588 singulis
814 1509 873 1590 qui
901 1526 978 1570 cum
1004 1508 1158 1589 Symone

209 1605 336 1667 comite
368 1614 491 1669 contra
524 1625 602 1669 eum
628 1614 824 1670 tenuerunt.
876 1604 962 1669 Inde
997 1606 1033 1668 in
1067 1607 1158 1670 festo

208 1700 244 1765 S.
264 1702 447 1767 Michaelis
471 1705 530 1787 [29
548 1705 662 1792 Sept]
686 1724 798 1788 usque
824 1705 866 1768 ad
890 1704 1157 1769 Wiudeshoram

208 1802 463 1880 parlamentum
498 1812 714 1886 protractum
750 1813 815 1880 est,
846 1823 868 1867 a
902 1823 971 1883 quo
1014 1803 1158 1885 quidam

208 1901 344 1980 regales
361 1901 577 1966 Londoniam
595 1904 889 1978 transmittuntur,
905 1903 964 1982 qui
979 1904 1159 1982 sagacium

207 1999 393 2062 verborum
408 2000 524 2064 colore
539 2001 630 2064 inter
636 2001 732 2081 ipsos
747 2008 781 2063 et
792 2019 907 2081 regem
919 2000 1034 2062 foedus
1048 2000 1159 2063 scede-

208 2104 339 2173 rantes,
352 2098 458 2161 immo
475 2099 658 2174 foedantes,
670 2099 811 2162 tandem
824 2097 990 2180 majorem
1006 2098 1160 2162 civitatis
1171 2120 1217 2160 ru·
1226 2130 1301 2168 mayor

207 2213 287 2257 cum
321 2197 478 2277 pluribus
506 2198 640 2262 civibus
664 2197 708 2260 ad
742 2196 1008 2260 Wiudeshoram
1040 2170 1289 2268 secumiiiffi'}

208 2294 454 2360 adduxerunt:
478 2316 641 2378 quocum
660 2297 908 2378 pervenissent,
925 2295 1045 2358 statim
1064 2297 1159 2377 capti
1173 2269 1303 2368 difflua

206 2391 526 2470 incarcerabantur,
547 2395 736 2458 munitione
760 2394 912 2457 civitatis
934 2413 957 2456 a
983 2369 1311 2474 regalibus⁸‘w¹'²⁴¹'⁰¹'

209 2499 394 2571 occupata,
411 2493 471 2574 qui
486 2493 655 2575 repagula
670 2499 706 2555 ct
721 2502 863 2555 catenas
878 2492 1020 2568 ferreas,
1033 2493 1159 2573 quibus

209 2607 327 2651 omnes
339 2590 466 2671 plateae
475 2599 510 2654 et
523 2590 630 2653 viculi
645 2590 798 2653 civitatis
812 2590 1014 2653 mirabiliter
1027 2591 1159 2653 munie-

208 2687 347 2763 bantur,
364 2687 519 2751 sunditus
541 2688 746 2765 avellentes,
764 2707 840 2751 eam
856 2689 929 2769 regi
946 2689 1158 2771 subjugave-

208 2791 303 2860 runt,
336 2794 371 2848 et
404 2786 562 2867 pluribus
600 2788 733 2850 civibus
765 2786 1006 2860 exhaeredatis
1040 2787 1160 2849 caeteri

212 2883 334 2963 viginti
351 2885 502 2949 millibus
512 2903 705 2949 marcarum
721 2885 787 2948 sibi
801 2903 922 2966 pacem
932 2883 1159 2946 redimebant.

211 2980 305 3057 Rex,
331 3001 395 3063 pro
432 2984 531 3047 libito
559 3003 636 3059 suo,
671 2983 820 3047 contulit
850 2990 920 3044 tam
955 2981 1160 3062 alienigenis

208 3099 314 3160 quam
330 3080 455 3162 Anglis
473 3101 591 3146 omnes
609 3091 720 3146 terras
738 3089 773 3145 et
788 3080 1023 3162 possessiones
1039 3099 1159 3143 eorum

210 3179 335 3258 quiin
363 3180 455 3243 bello
482 3181 575 3262 apud
606 3180 726 3244 Lewes
762 3186 797 3242 et
826 3177 1000 3241 Evesham
1036 3186 1159 3241 contra

208 3276 322 3357 ipsum
365 3278 516 3354 suerunt,
558 3279 614 3341 rel
654 3278 747 3359 apud
795 3275 1085 3362 Norbamtonam'
1123 3284 1159 3338 et

211 3373 414 3440 Kenilwor’a
431 3377 562 3439 inventi
587 3377 737 3451 fuerunt,
754 3375 911 3456 exceptis
937 3375 1036 3437 terris
1055 3371 1099 3436 G.
1115 3374 1159 3435 de

210 3473 326 3549 Clare,
341 3477 467 3538 comite
484 3473 696 3550 Gloverniae,
714 3472 860 3537 consilio
882 3473 973 3553 regis
989 3473 1157 3535 sententi-

210 3581 290 3635 ante
305 3574 366 3649 sic,
382 3575 464 3636 licet
486 3573 593 3654 aliqui
614 3572 694 3636 huic
719 3571 900 3635 sententiae
922 3589 990 3633 non
1010 3588 1157 3633 consen·

209 3671 324 3733 tirent.
371 3671 533 3735 Castrum
560 3671 603 3734 de
628 3671 770 3734 Dovera
789 3669 962 3734 Edwardo
985 3668 1158 3731 redditum
1170 3686 1242 3725 nom
1255 3686 1322 3725 cau.

1170 3736 1313 3774 surrendered

210 3776 275 3843 est,
293 3777 327 3830 et
343 3777 467 3849 postea
483 3768 625 3831 Alienor
649 3770 771 3849 regina
790 3788 867 3831 cum
887 3766 1070 3830 Edmundo
1087 3766 1158 3829 filio
1172 3785 1280 3872 iffi?

208 3886 272 3928 suo
310 3866 477 3947 applicuit
516 3868 552 3927 in
583 3864 764 3946 Angliam,
802 3882 850 3928 Ιν.
880 3864 951 3927 kal.
985 3862 1290 3980 Novembareuffi

209 3965 268 4045 [29
301 3963 408 4043 Oct.].
462 3963 594 4026 Eodem
627 3965 733 4026 etiam
766 3961 1293 4079 ‘⁰¹¹¹P01'00⁰t⁰b⁰¹¹¹¹bth¹g¹ssg¹gg

207 4064 373 4126 diaconus
406 4062 591 4125 cardinalis
615 4061 736 4125 Sancti
770 4061 928 4135 Adriani,
959 4061 1160 4141 apostolicae
1174 4080 1282 4120 ottoboni.

971 4189 988 4224 0
1005 4182 1021 4224 2
