3074 4508
447 347 638 394 rnoaaurn
665 348 947 395 wrcoaruausrs.
1106 335 1173 397 275

220 517 396 576 corruens,
421 503 581 583 spiritum
612 504 760 580 efflavit3
796 504 978 584 elatusque
1003 511 1056 566 est
1078 507 1169 585 apud

220 597 381 662 Sanctum
406 601 566 675 Paulum,
586 613 621 665 et
651 604 694 665 ad
720 610 837 684 patres
861 622 945 665 suos
976 605 1168 683 appositus.

219 696 424 775 Wallenses
442 708 578 782 tempus
603 713 723 782 aptum
747 709 781 764 et
804 709 1037 782 opportunum
1060 721 1097 763 se
1115 703 1167 763 in·
1183 717 1329 806 qebqrqnhor

218 798 353 860 venisse
380 801 598 874 arbitrantes,
624 801 710 863 duce
735 800 882 881 quodam
907 799 1096 864 Mereduco
1123 802 1168 863 ab
1208 779 1219 806 ⁸
1256 780 1310 808 ‘⁸'

219 893 395 972 Lewelini,
416 899 489 978 regi
506 898 646 978 Angliae
665 899 749 962 facti
763 899 920 971 rebelles,
940 910 975 962 et
993 898 1168 962 Snowdon

216 994 432 1071 invadentes
466 997 593 1060 multos
627 999 670 1060 dc
705 1000 795 1078 regis
825 997 965 1077 Angliae
1007 997 1166 1060 fidelibus

216 1091 340 1155 ibidem
367 1096 526 1159 inventos
558 1096 832 1172 trucidaverunt,
859 1106 894 1157 et
920 1094 1011 1158 male
1034 1103 1165 1158 tracta·

216 1199 352 1267 verunt,
381 1195 525 1257 castella
550 1196 805 1269 subverterunt,
834 1193 972 1275 aliaque
1000 1194 1166 1257 deformia

217 1299 251 1352 et
268 1293 431 1367 enormia,
454 1295 488 1354 in
514 1302 746 1374 contemptum
763 1306 798 1357 et
813 1294 1031 1373 dispendium
1054 1293 1165 1374 ipsius

216 1391 318 1468 regis,
356 1410 418 1471 per
452 1401 560 1454 totam
599 1393 761 1455 Walliam
795 1393 929 1474 operati
967 1400 1058 1455 suut.
1122 1392 1165 1454 ln
1180 1407 1303 1456 Asubsuu-

215 1490 363 1551 crastino
382 1489 417 1552 S.
434 1490 577 1552 Martini
604 1485 665 1576 [12
682 1487 810 1577 Nov.],
830 1490 922 1570 apud
939 1489 1164 1553 Wcstnrona·

212 1587 353 1649 sterium
381 1608 545 1651 concessa
566 1600 620 1651 est
644 1590 716 1668 regi
745 1607 766 1650 a
788 1588 916 1671 populo
939 1588 1054 1650 laicali
1077 1589 1165 1651 dena

214 1687 366 1748 omnium
392 1689 557 1750 bonorum
584 1707 724 1750 suorum
751 1689 785 1749 in
812 1687 1002 1749 subsidium
1028 1706 1164 1766 guerrae

214 1802 298 1858 suae,
318 1794 389 1846 tam
405 1785 550 1850 Gallicae
566 1805 668 1867 quam
685 1786 852 1849 Wallicae.
906 1785 949 1847 In
962 1786 1163 1849 civitatibus

213 1901 306 1956 vero,
331 1884 461 1965 burgis
488 1885 635 1966 aliisque
661 1885 753 1964 regis
780 1883 940 1947 dominiis
965 1884 1163 1946 habitantes

211 1979 255 2040 ad
273 1990 422 2058 sextum,
439 1983 566 2062 aliique
584 1990 792 2045 mercatores
809 1982 892 2045 alibi
909 1991 1163 2044 commorantes

212 2077 255 2138 ad
285 2080 480 2159 septimum,
507 2081 735 2144 communitas
756 2099 838 2143 vero
868 2079 1004 2159 reliqua
1031 2080 1074 2143 ad
1102 2081 1162 2143 de·

212 2175 337 2239 cimam
369 2180 482 2242 taxati
514 2188 595 2243 sunt
624 2179 815 2241 denarium.
867 2177 966 2240 Villa
992 2179 1097 2240 etiam
1125 2176 1160 2243 S.

212 2273 407 2339 Eadmundi
422 2278 457 2339 in
473 2298 542 2358 qua
553 2278 722 2342 hactenus
738 2277 853 2339 nullus
869 2276 1029 2339 minister
1043 2277 1160 2356 regius

211 2390 233 2434 a
259 2381 413 2456 tempore
435 2377 634 2440 libertatum
657 2376 768 2457 primo
794 2373 893 2438 nobis
917 2394 1160 2438 concessarum

209 2470 360 2551 aliquam
404 2493 564 2537 exercere
615 2474 836 2556 praesumpsit
867 2472 1159 2555 jurisdictionem,

210 2588 271 2649 per
294 2589 490 2634 communes
513 2573 637 2653 patriae
666 2579 845 2634 taxatores
867 2570 903 2632 in
926 2570 1074 2645 TolhuS,
1097 2590 1159 2651 pu·

210 2667 299 2730 blico
326 2669 486 2733 videlicet
505 2670 597 2733 villae
619 2670 706 2744 loco,
731 2670 934 2744 residentes,
952 2676 988 2731 et
1010 2669 1159 2749 burgen-

209 2767 303 2828 sibus
315 2767 444 2849 juratis
471 2769 636 2832 articulos
658 2767 914 2845 contradentes,
934 2773 989 2829 est
1013 2774 1159 2843 taxata3

209 2883 230 2926 a
246 2883 391 2945 quorum
415 2868 661 2929 communitate
683 2866 872 2929 servientes
896 2873 1034 2927 nostros
1049 2883 1161 2946 neque

208 2981 310 3042 prece
340 2983 451 3044 neque
482 2967 605 3046 pretio,
632 2963 721 3045 proh
754 2963 864 3045 dolor,
893 2963 1069 3024 ullatenus
1099 2982 1161 3043 po-

208 3061 336 3124 tuimus
350 3062 525 3127 vellicare.
578 3062 635 3126 Sic
654 3071 770 3125 tamen
795 3060 927 3142 quievit
947 3078 1016 3135 res,
1031 3067 1071 3122 ut
1096 3080 1160 3140 pro

208 3168 363 3241 tempore
397 3162 522 3236 futuro,
550 3169 717 3242 quantum
751 3160 794 3222 ad
821 3161 999 3222 libertates
1023 3164 1160 3220 nostras

207 3258 269 3320 has
303 3265 337 3320 et
362 3259 448 3321 alias
475 3259 642 3322 hactenus
675 3258 812 3321 habitas
843 3269 880 3319 et
906 3258 1067 3330 usitatas,
1099 3274 1161 3335 per

208 3355 272 3418 hoc
289 3359 518 3438 inposterum
539 3376 760 3438 nequaquam
784 3355 936 3436 aliquale
954 3355 1053 3417 nobis
1069 3372 1159 3434 prae·

203 3454 372 3533 judicium
400 3466 605 3536 generatum
641 3466 676 3518 et
701 3474 804 3535 super
828 3454 907 3528 hoc,
935 3462 1033 3516 carta
1061 3453 1161 3514 nobis

207 3571 371 3615 concessa
392 3563 444 3617 est
468 3554 639 3635 specialis.
697 3554 882 3616 Exercitus
909 3551 1045 3613 navalis
1068 3550 1161 3630 regis

206 3649 345 3730 Angliae
372 3671 481 3733 nuper
509 3652 721 3715 Gasconiam
749 3652 911 3723 directuS,
941 3648 1095 3712 castellis
1127 3656 1162 3709 et

208 3750 306 3810 terris
342 3750 515 3828 aliquibus
544 3749 690 3812 viriliter
734 3750 845 3830 captis
884 3755 918 3809 et
951 3744 1160 3825 subjugatis

205 3846 408 3908 mirabiliter
435 3848 470 3907 in
495 3849 590 3908 brevi
618 3847 848 3927 profecerunt.
905 3843 985 3905 Rex
1008 3843 1160 3922 Angliae,

205 3945 239 4005 in
264 3944 481 4025 expeditione
506 3964 570 4006 sua
595 3944 759 4015 Wallica‚
790 3941 883 4023 apud
909 3939 1161 4021 Aberconewlei

208 4042 335 4104 Natale
354 4043 494 4104 Domini
513 4043 710 4105 celebravit.

935 4163 983 4204 ra
