3074 4508
364 330 428 393 116
620 308 867 394 couriuuario
890 345 1063 392 canonici

365 520 425 563 sus
454 500 684 565 Lundoniam.
736 500 882 564 Minime
908 507 1088 581 parcentes
1115 496 1316 560 execrandae

366 600 511 676 militiae,
542 599 721 680 arroganti
743 600 949 662 strenuitate
978 596 1217 678 compellente,
1239 595 1316 676 qui·

368 699 445 760 dam
464 698 610 761 militurn
627 698 810 761 condixere
828 698 919 779 apud
932 695 1118 759 Ludelawe
1135 695 1224 756 vires
1238 711 1318 774 pro·

368 797 460 857 bare.
514 794 559 858 In
591 796 655 858 hoc
681 815 768 876 opus
796 796 1051 878 perficiendum,
1074 812 1144 857 non
1164 791 1317 855 modicus

369 892 544 954 exercitus
574 894 721 956 militum
750 894 923 958 confluere
953 894 1069 975 coepit.
1123 889 1216 956 Vere
1241 898 1318 952 erat

370 990 509 1053 miseria
527 989 746 1063 videre,dum
762 993 839 1072 quis
855 993 891 1054 in
905 992 1010 1054 alium
1027 990 1162 1053 hastam
1179 990 1318 1052 vibrans

371 1087 494 1150 lancea
523 1085 727 1167 perforaret,
758 1097 804 1164 et,
834 1090 995 1168 ignorans
1027 1088 1119 1168 quod
1151 1087 1318 1169 judicium

207 1210 288 1256 gaso
372 1186 516 1268 spiritus
533 1186 673 1260 subiret,
691 1187 794 1249 morti
818 1186 979 1249 traderet.
1030 1184 1081 1248 At
1103 1204 1165 1248 rex
1189 1183 1319 1265 Anglo-

206 1259 296 1300 ΝΜ·
372 1305 458 1349 rum.
471 1283 667 1366 Stephanus
691 1284 775 1348 talia
794 1283 972 1347 molientes
994 1284 1094 1346 minis
1120 1283 1270 1359 territat,
1285 1290 1320 1345 et

373 1383 559 1447 Ludelawe
592 1403 654 1466 per
682 1382 897 1464 Wigorniam
929 1384 1041 1446 denuo
1071 1382 1256 1456 divertens,
1284 1381 1321 1443 in

372 1483 468 1563 pacis
500 1483 724 1546 contubernio
758 1484 873 1546 omnia
903 1483 1014 1557 sedat,
1042 1492 1078 1545 et
1107 1483 1143 1544 in
1175 1479 1319 1562 pacifica

373 1580 556 1643 alacritate
587 1580 866 1656 Oxenelordiam,
892 1581 926 1643 id
954 1589 1006 1644 est
1033 1580 1145 1644 Boum
1167 1579 1318 1652 Vadum,

373 1678 471 1757 petit.
512 1677 592 1753 Quo
609 1678 690 1740 dum
705 1689 907 1752 moraretur,
918 1679 1079 1757 exigente
1096 1677 1319 1739 dissensionis

373 1792 491 1849 causa,
516 1774 706 1855 Rogerium
740 1776 1035 1856 Saresbyriensem
1066 1775 1261 1857 praesulem,
1284 1782 1321 1836 et

372 1879 533 1953 nepotem
551 1873 626 1954 ejus
645 1873 896 1937 Lincoliensem
911 1873 1112 1947 antistitem,
1129 1872 1319 1953 Rogerium

373 1990 523 2051 quoque,
538 1971 639 2034 'suum
659 1973 916 2047 cancellarium,
932 1973 1031 2053 quasi
1055 1971 1161 2052 regiae
1184 1967 1320 2035 coron'ae

372 2069 603 2142 insidiatores,
616 2071 719 2151 cepit,
734 2080 770 2134 et
787 2070 953 2134 custodiae
965 2069 1188 2150 mancipavit.
1239 2068 1320 2146 Quo

373 2167 525 2244 cognito,
549 2167 696 2229 Eliensis
714 2168 842 2248 praesul
863 2166 1035 2247 Nigellus,
1054 2167 1177 2229 timens
1199 2166 1264 2228 sibi
1285 2163 1321 2229 ‘et

372 2264 456 2338 suis,
471 2282 577 2325 manu
598 2264 739 2326 militari
764 2265 806 2327 ad
830 2265 970 2328 Divisae
992 2263 1094 2344 fugit,
1110 2270 1151 2327 ut
1171 2264 1219 2327 ibi
1240 2283 1320 2344 pro·

373 2364 561 2440 tegeretur,
599 2380 743 2442 quorum
776 2381 882 2426 causa
909 2362 1048 2445 scriptis
1079 2363 1239 2444 superius
1267 2368 1322 2425 est

372 2458 479 2522 latius
505 2460 700 2542 propalata,
728 2479 806 2541 quae
835 2468 950 2524 tamen
974 2461 1040 2524 hoc
1062 2479 1156 2524 anno
1185 2467 1322 2524 constat

208 2581 294 2620 stema
373 2553 545 2620 actitata.¹
581 2558 721 2623 'Habito
737 2559 957 2641 postmodum
973 2560 1132 2633 concilio,
1149 2565 1320 2622 statutum

207 2631 336 2719 mimula
374 2662 428 2718 est
443 2664 483 2718 ut
499 2656 614 2718 omnia
628 2676 690 2737 per
705 2655 869 2738 Angliam
884 2657 1023 2739 oppida,
1042 2654 1199 2732 castella,
1210 2657 1321 2720 muni·

207 2729 326 2768 ‘mmm'
374 2752 485 2816 tiones
503 2772 662 2836 quaeque,
680 2755 716 2818 in
743 2756 869 2836 quibus
895 2754 1066 2818 secularia
1087 2756 1201 2817 solent
1223 2752 1321 2817 exer-

373 2850 443 2912 ceri
482 2853 633 2932 negotia,
664 2853 756 2934 regis
790 2862 825 2916 et
864 2854 1032 2916 baronum
1075 2871 1217 2916 suorum
1249 2852 1321 2934 juri

373 2948 519 3028 cedant.;
543 2951 769 3015 ecclesiastici
783 2971 865 3015 vero
883 2951 961 3027 viri,
979 2950 1140 3014 videlicet
1159 2950 1321 3032 episcopi,

373 3049 478 3109 canes
503 3048 646 3129 inquam
671 3050 791 3126 divini,
811 3050 846 3112 in
869 3050 1017 3113 salutem
1040 3057 1075 3112 et
1096 3049 1134 3112 in
1153 3049 1323 3112 defensio·

373 3162 451 3205 nem
468 3146 584 3208 ovium
602 3165 743 3210 suarum
766 3144 894 3212 latrare
910 3167 978 3211 non
997 3146 1144 3223 cessent,
1162 3167 1204 3210 ne
1220 3145 1323 3228 lupus

372 3241 567 3320 invisibilis,
607 3245 779 3326 malignus
819 3247 951 3310 scilicet
986 3245 1108 3321 hostis,
1145 3246 1259 3326 rapiat
1289 3251 1324 3308 et

207 3365 325 3404 antenor
373 3339 550 3422 dispergat
574 3361 669 3418 oves,
686 3343 825 3408 omnino
848 3342 1022 3408 caveant.³
1075 3343 1198 3406 Mense
1217 3342 1321 3406 Octo·

207 3414 320 3453 mm*
371 3438 423 3498 bri
446 3456 561 3501 comes
583 3439 824 3517 Glaocestriae,
842 3443 1001 3507 Heinrici
1029 3442 1204 3522 quondam
1230 3440 1323 3520 regis

371 3533 567 3614 Anglorum
594 3537 698 3614 filius,
714 3537 774 3602 sed
796 3540 994 3615 bastardus,
1012 3559 1090 3602 cum
1113 3557 1230 3602 sorore
1247 3536 1323 3612 sua,

371 3632 430 3694 sed
457 3653 501 3695 ex
530 3643 639 3712 patre,
666 3636 794 3699 dudum
822 3637 1063 3700 Romanorum
1094 3637 1324 3719 imperatrice,

371 3749 461 3793 nunc
476 3730 724 3813 Andagavensi
738 3736 927 3809 comitissa,
941 3754 1019 3797 cum
1031 3737 1157 3816 grandi
1169 3736 1325 3798 exercitu

897 3929 907 3959 ²
926 3932 1053 3994 Coronat]
1066 3932 1230 3992 inspirituali
1241 3944 1327 3992 pugna

862 4002 986 4049 auxilium
1006 4002 1070 4062 Regi
1089 4015 1178 4062 regum
1197 4001 1327 4059 praebeant

863 4070 1076 4118 remunerationes
1087 4069 1148 4118 illis.
1168 4069 1197 4115 C.
1208 4069 1265 4116 odd.

405 3958 411 3986 ¹
433 3962 541 4015 Quorum
554 3997 579 4012 ..
592 3998 599 4012 .
610 4001 616 4013 .
626 3966 750 4027 actitata]
768 3967 836 4016 Ado.

367 4029 428 4077 edit.
452 4031 483 4078 C.
495 4031 564 4080 omit.
599 4033 648 4081 See
660 4050 687 4094 p.
701 4039 757 4096 107,
769 4050 818 4097 seq.
