3074 4508
336 332 380 396 68
716 346 922 396 canopicon

339 513 501 596 perdidit,
532 534 653 596 pacem
684 514 775 595 apud
806 512 983 575 civitatem
1010 509 1163 574 Nussam
1189 509 1288 592 jura·

175 624 314 714 ss225,¹},⁸¹⁹¹¹
340 620 457 676 mento
472 613 565 677 t'ecit.
619 613 804 687 Radulsus,
822 611 1099 675 Dorubernensis
1120 609 1289 690 archiepi-

175 725 271 774 therass·
341 730 481 793 scopus,
493 713 536 775 ab
552 709 741 784 Anselmo‚¹
758 711 791 774 S.
804 711 971 773 Romanae
987 709 1142 772 ecclesiae
1158 707 1289 788 legato,

341 825 374 871 v.
402 809 472 873 kal.
501 810 590 872 Julii
617 810 676 890 [27
700 811 723 873 J
728 811 813 890 un.],
840 810 894 872 die
928 808 1119 881 Dominica,
1146 806 1290 888 pallium

341 907 496 987 suscepit
509 906 730 983 Cantwariae,
741 908 800 970 ubi
813 906 907 970 suere
921 905 1124 986 congregati
1138 904 1290 985 episcopi

178 1026 261 1076 maon
341 1004 450 1066 totius
466 1002 616 1083 Angliae.
663 1005 815 1085 Ipsoque
835 1005 890 1068 die
913 1023 1040 1084 magno
1062 1003 1290 1071 cumhonore

177 1076 321 1166 {omisa
341 1109 566 1165 consecratus
590 1109 643 1163 est
668 1102 846 1177 Teoulfus,
872 1103 1113 1182 Wigornensis
1136 1101 1290 1164 ecclesia

177 1201 536 1290 mrnnpporepiscopus.
573 1199 755 1263 Wilfridns
772 1201 956 1281 episcopus
971 1200 1012 1263 de
1029 1199 1156 1262 Sancto
1177 1197 1290 1262 David

176 1272 308 1360 dilm'm'
341 1301 375 1362 in
414 1299 579 1363 Wulonia
612 1300 720 1362 obiit:
761 1318 871 1380 nsque
918 1299 963 1361 ad
1001 1298 1098 1360 illum
1138 1296 1290 1378 episcopi

178 1417 322 1488 agaunense
342 1399 491 1462 extitere
519 1399 711 1480 Brytonici.
756 1397 799 1460 In
816 1398 949 1461 octavis
965 1393 1236 1477 Apostolorum²
1255 1390 1293 1476 [6

178 1466 277 1506 mum
342 1497 365 1559 J
369 1497 446 1575 ul.],
476 1516 641 1576 magnum
667 1497 847 1561 concilium
874 1515 896 1559 a
918 1495 1025 1570 Cono,
1048 1495 1216 1558 Romanae
1237 1511 1292 1555 ec-

341 1595 456 1657 clesiae
468 1595 647 1669 cardinali,
660 1594 862 1658 catalaunis
873 1595 1081 1657 celebratum
1092 1601 1159 1669 est;
1176 1593 1290 1672 inquo

343 1693 659 1755 excommunicavit
674 1695 855 1774 episcopos
869 1693 928 1772 qni
944 1692 1086 1754 concilio
1102 1711 1170 1753 non
1186 1691 1291 1751 inter·

341 1789 458 1861 fuere;
478 1789 647 1870 quosdam
661 1791 765 1851 etiam
778 1788 994 1869 degradavit,
1004 1796 1038 1850 et
1048 1788 1213 1869 plurimos
1231 1787 1292 1848 ab·

341 1886 585 1949 batesbaculis
597 1887 752 1968 privatos
768 1887 926 1968 deposuit
937 1886 979 1949 de
988 1886 1137 1961 sedibus,
1153 1883 1293 1948 ecclesi-

343 1987 491 2048 asticum
505 1985 575 2048 illis
592 1986 801 2050 interdicens
813 1984 974 2050 officium.
1002 1983 1083 2048 Rex
1096 1984 1291 2064 Anglornm

344 2082 532 2147 Heinricus
553 2074 723 2147 mediante
746 2085 769 2148 J
771 2085 843 2147 ulio
861 2103 978 2146 mense
996 2081 1160 2162 Angliam
1180 2082 1293 2144 rediit.

166 2203 274 2243 nemun
343 2180 556 2257 Bernardus,
589 2182 719 2262 reginae
753 2181 993 2256 cancellarius,
1026 2179 1067 2241 ad
1108 2177 1290 2242 ecclesiam

177 2253 333 2342 titfrid
343 2277 464 2340 Sancti
494 2279 612 2341 David
649 2279 686 2341 in
710 2278 886 2352 Walonia‚
919 2295 996 2340 xlv.
1028 2275 1096 2340 kal.
1129 2276 1292 2339 Octobris

344 2372 405 2460 [18
419 2375 546 2457 Sept.],
562 2375 727 2452 Sabbato,
742 2376 871 2457 praesul
884 2375 1038 2456 eligitur,
1054 2383 1088 2439 et
1104 2375 1223 2438 eodem
1239 2374 1294 2437 die
1356 2440 1359 2445 ,

343 2473 387 2536 ad
420 2474 566 2555 gradum
596 2476 857 2558 presbyteratus
885 2494 907 2537 a
932 2473 1106 2537 Wentano
1130 2473 1294 2555 pontifice

342 2571 522 2636 Willelmo
541 2560 644 2654 'apud
670 2573 908 2636 Suthwercam
938 2579 1116 2653 promotus
1146 2580 1220 2650 est3
1256 2572 1292 2634 in

342 2670 505 2745 crastino,
522 2678 694 2752 praesente
709 2672 843 2752 regina,
863 2677 1085 2733 consecratur
1108 2670 1292 2752 episcopus

344 2768 437 2849 apud
453 2768 803 2832 Westmonasterinm
818 2787 840 2830 a
857 2767 1009 2831 Radulfo
1025 2768 1292 2850 archiepiscopo.

177 2885 299 2934 namnum
344 2863 572 2946 Regnelmus,
612 2866 878 2930 Herefordensis
911 2867 1107 2950 episcopus,
1138 2883 1186 2929 vr.
1221 2866 1292 2929 kal.

176 2935 211 2984 bp.
221 2937 246 2974 ot
252 2936 320 2974 uere-

150 2980 153 2986 *
176 2985 265 3072 m
345 2962 453 3029 Nov.³
469 2965 529 3045 [27
547 2963 657 3050 Oct.],
674 2966 770 3041 obiit,
793 2984 857 3046 pro
874 2983 944 3045 quo
960 2963 1183 3041 Gausfridus,
1201 2966 1293 3045 regis

177 3083 291 3122 eranum
343 3062 559 3142 capellanuS,
571 3064 721 3144 eligitur.
752 3061 940 3137 Radulfus,
952 3063 1228 3125 Dorubcrnensis
1238 3082 1292 3125 ar·

176 3133 288 3172 ¹¹¹⁸⁶¹⁶⁸⁶'
342 3160 595 3241 chiepiscopus,
615 3160 801 3224 Arnulfum
822 3160 865 3223 ad
887 3159 1098 3224 Hrofensem
1120 3169 1156 3224 et
1175 3159 1291 3224 Gaus-

341 3257 467 3319 fridum
488 3260 533 3321 ad
554 3259 733 3322 ecclesiam
757 3257 1061 3333 Herefordensem,
1086 3259 1140 3322 die
1160 3257 1195 3321 S.
1214 3258 1291 3322 Ste-

341 3355 447 3436 phani
466 3357 526 3436 [26
544 3357 660 3436 Dec.],
676 3358 854 3439 episcopos
871 3357 1043 3419 ordinavit
1059 3355 1280 3420 Cantwariae.

183 3475 210 3512 n.
220 3472 314 3510 nnn.
394 3451 560 3516 Griffinus
579 3454 669 3516 filius
688 3455 761 3518 Res
778 3474 885 3517 verno
901 3463 1056 3535 tempore
1075 3456 1110 3516 in
1128 3455 1294 3518 Walouia

174 3541 292 3637 ξῗξξὲήῃ
341 3550 493 3629 praedam
521 3552 604 3631 egit,
626 3559 661 3614 et
686 3552 830 3616 castella
853 3554 1016 3627 incendit,
1042 3554 1204 3632 quoniam
1231 3571 1294 3615 rex

175 3638 252 3677 Waler.

377 3791 383 3822 ¹
402 3795 553 3858 Ausetano]
572 3796 615 3845 He
632 3811 687 3844 was
704 3797 746 3846 the
765 3812 808 3845 ne·
867 3795 878 3823 ²
893 3798 1084 3862 Apostolorum]
1096 3801 1168 3850 Petri
1175 3807 1201 3850 et
1208 3802 1295 3851 Pauli.

340 3864 415 3924 phew
427 3865 456 3913 of
464 3865 617 3925 archbishop
629 3866 744 3927 Anselm,
757 3867 807 3913 and
832 3867 897 3915 Add.
903 3868 972 3926 from
984 3869 1016 3917 R.
1029 3867 1153 3918 Hooeden.

340 3947 395 3980 was
407 3935 587 3994 accompanied
597 3937 630 3995 by
644 3935 722 3996 John,
730 3936 808 3983 abbot
867 3938 877 3968 ³
892 3949 927 3985 vr.
939 3938 989 3984 kal.
1008 3937 1084 3999 Noa]
1110 3938 1186 3987 Circa
1201 3939 1297 3987 festivi·

339 4001 584 4114 ῗξιΡοῖοώοτουςὴ.
601 4005 663 4052 Sax.
676 4004 768 4053 Chron.
781 4019 806 4054 a.
832 4008 918 4120 tatjmd
934 4007 1053 4055 Omnium
1078 4007 1235 4057 Sanctorum.
1264 4009 1296 4057 L.

390 4075 413 4117 5.
831 4089 861 4120 un
889 4074 947 4120 eit.
