3074 4508
497 326 688 373 nnonnrvrrr
715 323 995 374 wrconrunnsvs.
1158 309 1224 372 129

267 478 440 556 incendic,
457 483 647 544 combustis
670 483 834 557 ecclesiis,
858 501 947 564 pene
972 499 1091 543 omnes
1109 481 1220 561 perie-

267 588 360 642 runt.
415 579 564 642 Crudele
595 581 842 662 spectaculum,
877 589 912 644 et
945 580 1029 660 ipsis
1061 579 1220 642 hostibus

268 678 409 739 nimium
430 680 649 754 miserabile,
680 699 756 744 cum
793 680 951 744 viderent
982 677 1113 757 templa
1151 677 1219 740 Dei

267 775 347 855 igne
365 778 534 852 consumi,
555 780 680 858 quihus
711 778 814 841 etiam
843 776 1068 860 paganissimi
1096 794 1216 857 peper-

266 875 407 937 cissent.
477 875 603 956 ltaque
634 876 810 940 destructa
844 886 899 940 est
936 875 1216 955 Snottingaham,

266 973 348 1034 urbs
360 973 587 1049 nobilissima,
604 993 693 1050 cum,
706 994 747 1037 ex
764 994 834 1056 quo
845 972 1216 1052 NormanniAngliam

266 1070 333 1132 sihi
363 1071 652 1153 subjugaverant,
680 1093 788 1156 usque
819 1075 863 1137 ad
895 1074 961 1135 hoc
996 1079 1146 1152 tempus,
1178 1071 1214 1134 in

264 1187 401 1231 summa
423 1189 509 1250 pace
530 1179 566 1234 et
591 1173 716 1253 quiete,
740 1172 911 1254 populosa
935 1170 1156 1234 multitudine
1178 1178 1214 1233 et

263 1268 442 1346 opulentia
459 1288 573 1331 rerum
588 1271 739 1332 omnium
758 1272 884 1333 referta
900 1269 1029 1332 suisset.
1065 1268 1213 1332 Cuidam
1227 1284 1361 1373 rggrqnde

264 1367 446 1442 monacho,
473 1368 583 1431 literis
612 1378 649 1432 et
673 1369 817 1432 scientia
842 1368 1003 1431 nohihter
1030 1340 1380 1443 instructairnniinurr.

266 1463 373 1527 Petro
391 1467 540 1541 nomine,
551 1467 636 1530 data
654 1479 706 1530 est
722 1471 765 1530 ab
781 1469 948 1542 Henrico,
961 1466 1211 1530 Wintoniensis

262 1563 417 1625 ecclcsiae
434 1564 610 1644 episcopo,
634 1573 762 1628 sanctes
790 1567 958 1629 Romanae
983 1565 1138 1628 ecclesiae
1161 1565 1211 1627 le-

261 1670 357 1740 gato,
390 1661 697 1726 Malmesbiriensis
731 1665 880 1726 abbatiae
915 1662 1084 1743 praelatio.
1138 1662 1210 1725 Hic

261 1761 353 1839 apud
368 1760 573 1824 Cluniacum
586 1769 723 1843 sumpto
736 1762 853 1824 habitu
866 1761 1055 1841 religionis,
1068 1759 1209 1823 iunctus

260 1866 314 1920 est
331 1859 512 1939 aliquanto
527 1868 682 1941 tempore
697 1862 850 1941 prioratu
866 1861 910 1923 de
925 1860 1102 1936 Caritate3
1127 1860 1209 1922 inde

259 1962 461 2036 assumptus
483 1958 671 2037 praeficitur
695 1958 905 2021 monasterio
931 1956 1050 2020 Sancti
1073 1957 1208 2020 Urbani

257 2072 360 2134 papae
394 2054 430 2116 in
463 2055 606 2119 dioecesi
641 2055 905 2119 catalaunensis
942 2054 1108 2130 ecclesiae,
1134 2056 1207 2130 sed,

258 2152 360 2214 malis
386 2154 681 2217 crebrescentibus
705 2153 840 2234 sibique
865 2152 1134 2228 imminentibus,
1156 2152 1209 2217 lo·

258 2268 336 2312 curn
363 2250 462 2313 illurn
491 2252 649 2316 deserere
679 2260 833 2328 coactus,
860 2252 1030 2316 suadente
1062 2250 1208 2331 praefato

256 2346 491 2412 Wintoniensi
508 2353 668 2431 praesule,
685 2352 771 2414 adiit
787 2351 967 2432 Angliam,
989 2349 1209 2431 praedictam·

256 2465 325 2527 que
340 2445 406 2509 hoc
425 2465 516 2510 anno
533 2451 686 2530 suscepit
700 2449 881 2512 ecclesiam
896 2447 1095 2530 regendam.

308 2543 509 2626 Stephanus
531 2565 592 2610 rex
617 2547 823 2628 Anglorum,
846 2555 927 2627 post
948 2546 1131 2609 diuturnos
1154 2547 1206 2608 la·
1232 2562 1294 2603 nn.
1304 2562 1362 2603 1141.

254 2643 358 2705 hores
377 2650 412 2706 et
427 2645 625 2709 obsidiones
642 2645 876 2722 castellorum,
894 2647 1019 2726 quibus
1041 2664 1104 2726 pro
1118 2663 1206 2726 pace
1218 2631 1314 2719 &32⁸³

255 2741 355 2821 regni
368 2757 400 2804 v.
414 2743 512 2805 annis
530 2751 565 2806 et
574 2761 622 2806 v1.
633 2743 905 2806 hebdomadibus
915 2744 1110 2818 desudavit,
1126 2750 1205 2805 tan·
1217 2730 1322 2779 ”mm

255 2837 333 2900 dem
348 2839 384 2902 in
396 2841 575 2904 obsidione
593 2842 843 2906 Lincolniensis
858 2842 1004 2917 castelli,
1015 2841 1070 2903 die
1081 2840 1205 2903 Purifi÷

254 2938 402 3000 cationis
412 2938 552 3003 Sanctae
564 2940 699 3014 Mariae,
711 2940 894 3003 Dominica
902 2939 958 3002 die
968 2938 1205 3019 Sexagesimae

256 3031 294 3117 [2
306 3035 423 3115 Feb.],
436 3055 456 3099 a
473 3037 708 3101 Glocestrensi
720 3039 844 3102 comite
857 3038 1027 3112 Roberto,
1038 3036 1204 3099 avunculi

253 3134 307 3195 sui
333 3133 418 3209 filio,
437 3143 472 3197 et
493 3154 514 3197 a
539 3135 715 3199 Cestrensi
738 3137 863 3199 comite
887 3134 1088 3215 Ranulpho,
1105 3135 1204 3214 justo

259 3231 322 3294 Dei
333 3232 468 3313 judicio
481 3234 736 3296 circumventus
748 3240 783 3296 et
793 3242 929 3314 captus,
941 3234 1050 3312 primo
1062 3232 1106 3294 ad
1118 3230 1205 3295 Glo-

252 3337 463 3392 cestrensem
486 3331 671 3394 Dominica
694 3330 1001 3412 Quinquagesimae
1030 3329 1067 3410 [9
1089 3329 1202 3410 Feb.],

250 3428 375 3492 deinde
408 3429 451 3490 ad
486 3429 775 3492 Bricstowensem
807 3431 924 3491 urbem
958 3428 1139 3503 adductus,
1167 3436 1202 3490 et

250 3528 420 3590 custodiae
447 3529 668 3608 mancipatus
694 3525 767 3590 est.¹
821 3527 925 3608 Capti
952 3534 1034 3590 sunt
1059 3545 1137 3588 cnm
1160 3545 1202 3589 eo

250 3625 476 3706 quamplures
495 3625 613 3688 fideles
631 3627 751 3707 ipsius,
768 3626 985 3706 vinculisque
1000 3624 1200 3704 mancipati.

250 3723 460 3786 Morahatur
479 3724 615 3786 interim
639 3724 676 3786 in
692 3725 776 3787 urbe
801 3723 1039 3786 Glocestrensi
1061 3722 1202 3783 domina

284 3916 291 3946 ¹
308 3914 466 3976 blancipatus
476 3913 534 3975 est]
553 3914 573 3959 F
574 3929 603 3961 or
614 3914 656 3962 the
668 3914 712 3961 de·
737 3914 869 3974 Stephani,
880 3927 925 3974 pp.
934 3917 997 3973 70st
1001 3916 1025 3972 1,
1033 3913 1083 3959 and
1093 3912 1202 3960 R.Wen-

246 3983 306 4032 tails
318 3984 346 4030 of
355 3983 397 4030 the
409 3983 488 4030 battle
501 3981 529 4030 oi
546 3982 650 4030 Lincoln
662 3983 712 4029 and
737 3983 822 4044 dover,
835 3994 867 4030 11.
879 3997 906 4042 p.
918 3985 976 4042 228,
986 3997 1022 4043 sq.

247 4059 353 4113 capture
376 4051 405 4099 of
424 4051 544 4112 stophen,
564 4065 607 4099 see
632 4049 713 4100 Gesta

295 4167 381 4212 ΤΟΜ.
398 4166 435 4212 ll.
1027 4163 1046 4207 K
