3074 4508
369 341 413 404 52
746 357 954 406 onnoruoon

220 551 282 593 nn.
293 548 351 588 noa.
423 509 560 592 Magna
577 511 749 574 discordia
767 511 860 574 sacta
875 518 929 573 est
942 509 1032 572 inter
1047 525 1162 588 regem
1182 501 1322 568 Heinri-

207 616 334 658 ¹>¹⁸⁸²¹¹2101¹
372 629 451 673 cum
493 619 529 675 et
566 609 770 674 Anselmum
806 609 1111 691 archiepiscopum,
1148 624 1189 668 eo
1232 599 1323 683 quod

208 671 304 706 between
313 665 351 704 the

207 716 314 764 tutent
373 709 655 790 archiepiscopus
695 708 804 771 nollet
833 709 1025 771 consentire
1055 713 1095 768 ut
1124 722 1186 766 rex
1225 701 1322 764 daret

208 766 300 807 anselm

208 815 358 904 {3⁹33ng
373 808 600 870 investituras
615 806 850 882 ecclesiarum,
865 825 977 887 neque
990 819 1203 876 consecrare,
1215 815 1325 880 neque

375 905 632 967 communicare
643 905 686 966 iis
697 905 823 985 quibus
836 923 901 967 rex
907 903 980 986 jam
994 901 1136 965 dederat
1145 898 1322 971 ccclesias;

375 1001 460 1082 quia
475 1001 689 1080 apostolicus
707 1003 773 1064 sibi
789 1010 824 1065 et
837 1003 993 1065 omnibus
1007 1000 1071 1063 hoc
1087 996 1323 1062 interdixerat.

378 1098 477 1161 Unde
500 1116 563 1161 rex
584 1099 752 1179 praecepit
769 1097 939 1173 Gerardo,
956 1097 1214 1178 archiepiscopo
1232 1094 1322 1157 Eho·

375 1197 523 1272 recensi,
549 1203 720 1277 quatenus
746 1203 964 1260 consecraret
985 1197 1177 1276 episcopos,
1200 1193 1323 1274 quibus

374 1296 450 1376 ipse
466 1315 529 1358 rex
542 1296 685 1359 dederat
704 1295 938 1370 investituras,
955 1294 1099 1370 scilicet,
1113 1291 1323 1356 Willelmum

376 1393 584 1471 Giffa1·dum,
598 1402 634 1458 ct
648 1394 850 1474 Rogerium,
863 1394 923 1475 qui
938 1393 1004 1457 fuit
1023 1391 1222 1472 capellanus
1236 1388 1323 1470 ejus,

375 1493 431 1555 cui
471 1492 546 1574 Jam
589 1492 732 1555 dederat
777 1491 1093 1574 Searesbyriensem
1136 1489 1326 1552 ecclesiam.

377 1588 557 1653 Gerardus
583 1599 795 1671 praeceptum
819 1593 911 1670 regis
933 1591 1094 1672 suscepit,
1115 1589 1175 1651 sed
1190 1585 1325 1650 Willel-

377 1707 467 1761 mus,
483 1706 591 1749 causa
601 1688 762 1768 justitiae,
778 1687 863 1749 illud
879 1695 914 1750 et
934 1688 1201 1749 benedictionem
1220 1681 1327 1746 archi·

377 1785 533 1864 episcopi
560 1782 708 1846 Gerardi
737 1785 880 1865 sprevit.
937 1783 1054 1860 Quare
1084 1783 1176 1863 regis
1195 1780 1326 1864 judicio

314 1944 316 1948 Α
378 1882 452 1943 suis
482 1881 642 1944 omnibus
679 1881 889 1963 expoliatus,
920 1882 1116 1945 eliminatur
1146 1899 1167 1943 a
1200 1898 1324 1960 regnor

379 1980 499 2042 caeteri
523 1999 605 2043 vero
624 1979 854 2043 inconsecrati
874 1987 1122 2044 remanserunt.
1169 1976 1329 2058 Reignel·

381 2097 458 2141 mus
486 2085 604 2141 autem
640 2078 746 2159 paulo
778 2086 858 2141 ante
896 2079 1131 2159 episcopatum
1167 2074 1329 2138 Heresor-

381 2175 521 2238 densem
555 2175 629 2255 regi
654 2175 815 2251 reddidit,
841 2176 924 2255 quia
948 2175 1119 2238 intellexit
1147 2193 1187 2239 se
1216 2173 1328 2236 Deum

380 2271 565 2335 offendisse
592 2273 628 2334 in
653 2271 731 2348 hoc,
757 2273 851 2353 quod
880 2273 923 2336 de
946 2291 1049 2335 manu
1076 2271 1157 2335 laici
1183 2269 1328 2353 alicujus

378 2369 622 2436 investituram
639 2371 794 2434 ecclesiae
808 2371 1030 2453 suscepisset.
1075 2370 1163 2434 Post
1176 2369 1250 2432 haec
1263 2388 1327 2432 rex

215 2499 308 2539 annm
318 2508 369 2548 με.
379 2469 493 2532 tenuit
504 2469 637 2532 curiam
649 2489 746 2532 suam
759 2470 795 2532 in
807 2468 1153 2532 PaschaWintoniae.
1203 2465 1328 2532 Ansel-

216 2554 239 2588 ‘⁰
249 2550 327 2589 Μ’·
379 2586 457 2629 mus
474 2567 768 2648 archiepiscopus,
784 2574 865 2649 post
874 2567 1000 2631 multas
1016 2566 1161 2649 injurias
1171 2573 1206 2629 et
1220 2565 1329 2628 diver-

379 2683 438 2726 sas
461 2665 687 2728 contumelias
710 2683 798 2745 quas
820 2684 944 2746 passus
966 2672 1031 2741 est,
1053 2671 1196 2745 rogatus
1211 2683 1233 2726 a
1246 2682 1328 2744 rege

380 2762 537 2843 perrexit
553 2762 715 2838 Romam,
733 2779 765 2825 ν.
783 2761 855 2827 kal.
872 2763 959 2827 Maii
981 2763 1040 2843 [27
1054 2761 1172 2844 Apr.]‚
1193 2763 1282 2827 sicut
1296 2760 1329 2825 ei

379 2867 414 2923 et
440 2861 516 2940 regi
538 2860 711 2936 convenit,
733 2860 865 2925 habens
882 2861 918 2924 in
935 2861 1100 2925 comitatu
1115 2861 1327 2924 Willelmum

380 2956 637 3021 Wintoniensis
677 2959 832 3023 ecclesiae
871 2961 1018 3023 electum
1054 2959 1255 3034 antistitem,
1293 2965 1330 3022 et

381 3055 527 3118 abbates
541 3056 584 3118 de
599 3057 748 3119 abbatiis
757 3057 943 3138 depositos,
957 3057 1143 3120 Ricardum
1156 3056 1329 3120 Eliensem

218 3187 299 3226 mm
381 3162 417 3217 et
444 3151 645 3216 Aldvvinum
677 3154 950 3219 Ramesiensem.
1001 3155 1192 3218 Rotbertus
1217 3173 1330 3218 comes

217 3235 333 3334 ῗζζῖἰζὲῗ
382 3249 629 3314 Nortmanniae
652 3252 746 3315 venit
769 3253 805 3315 in
824 3252 990 3334 Angliam
1009 3253 1105 3333 loqui
1127 3271 1206 3315 cum
1224 3252 1330 3315 fratre

380 3368 457 3423 suo,
484 3356 519 3411 et
540 3356 727 3430 antequam
749 3351 907 3414 rediisset
924 3352 966 3413 de
983 3349 1113 3430 Anglia
1129 3349 1331 3431 perdonavit

381 3453 436 3508 ter
453 3446 547 3509 mille
564 3465 697 3509 marcas
715 3450 864 3528 argenti,
880 3467 967 3529 quas
984 3467 1045 3510 rex
1059 3449 1124 3510 sibi
1134 3447 1226 3509 omni
1241 3465 1332 3509 anno

380 3563 444 3624 per
467 3545 732 3608 conventionem
753 3545 898 3610 debuit.l
950 3545 993 3608 In
1015 3545 1193 3627 provincia
1218 3545 1333 3619 etiam,

415 3763 558 3827 ¹Dehuit.]
588 3766 650 3817 Sex.
679 3766 783 3829 chron,
804 3769 846 3818 W.
873 3770 942 3829 price
957 3769 986 3817 of
998 3768 1038 3817 his
1048 3769 1157 3830 liberty:
1174 3769 1266 3830 ‘quam
1278 3767 1335 3834 (pe-

379 3836 517 3884 Malmesb.
537 3848 566 3884 u.
581 3839 678 3896 p.621,
695 3836 847 3886 Oravital.
872 3835 985 3901 cuniam)
1013 3838 1057 3886 ille
1087 3839 1221 3900 posteriori
1248 3840 1333 3886 statim

380 3909 474 3964 p.805.
505 3905 601 3952 Robert
609 3906 725 3966 resigned
736 3906 776 3954 his
787 3922 848 3967 pen·
873 3921 938 3954 anuo
965 3907 1088 3954 voluntati
1120 3907 1215 3968 regina
1242 3906 1334 3968 libens,

380 3974 436 4020 sion
448 3971 487 4036 (at
498 3973 541 4020 the
553 3988 646 4033 prayer
656 3975 686 4022 οἰ
700 3975 741 4022 the
759 3991 849 4038 queen,
873 3975 941 4038 quod
953 3976 998 4025 illa
1008 3980 1114 4038 peteret,
1124 3975 1292 4025 condonavit·

378 4042 517 4103 according
528 4047 554 4089 to
565 4040 754 4108 Malmesbury)
766 4059 795 4094 as
806 4045 849 4095 the
