3074 4508
284 331 349 394 230
533 342 781 393 constituaris
806 344 980 392 cusorucr

285 505 451 568 tractioni
468 512 576 586 atque
591 501 822 586 suspensioni,
830 501 958 582 capitis
973 497 1239 573 detruncationi,

284 604 529 679 combustioni,
553 612 658 683 atque
684 603 914 667 membrorum
942 597 1163 680 adjudicatus
1184 603 1239 659 est

214 751 217 758 .
283 700 486 764 desectioni.
540 699 650 783 Cujus
665 708 770 782 caput
786 698 986 772 Loudoniae,
998 714 1125 776 corpus
1143 713 1239 770 vero,

283 817 347 878 per
376 805 526 878 quatuor
547 806 664 879 partes
688 799 875 873 desectum,
891 795 1122 872 Wincestriae,
1144 792 1181 856 N
1183 812 1239 856 or·

283 896 472 970 hamtonae,
496 894 642 958 Cestriae
665 906 771 978 atque
800 897 958 960 Eboraco
984 901 1038 957 est
1060 891 1239 956 transmis-

251 1049 258 1058 .
282 1013 383 1065 sum;
408 993 544 1056 viscera
561 1012 642 1056 vero
667 994 834 1077 ejusdem,
858 1000 1000 1075 propter
1023 991 1237 1073 frequentem

282 1091 508 1154 ecclesiarum
527 1092 811 1168 combustionem,
834 1090 878 1153 ad
904 1089 1078 1169 sacrilegii
1101 1088 1238 1152 facinus

283 1190 509 1272 puniendum,
527 1191 757 1254 combustioni
778 1188 904 1253 ibidem
924 1196 1007 1251 sunt
1023 1186 1236 1270 adjudicata.

284 1287 372 1351 Cum
404 1307 474 1370 quo
508 1290 613 1352 etiam
638 1289 849 1351 senescallus
873 1286 1039 1370 ejusdem,
1067 1284 1237 1348 Mebadin

282 1387 434 1462 nomine,
463 1387 565 1452 sactis
592 1388 709 1469 potius
737 1405 842 1467 quam
876 1385 1014 1448 nomine
1053 1385 1235 1458 barbarus,

281 1504 388 1566 super
415 1486 610 1568 proditione
638 1486 832 1561 convictus,
857 1485 955 1567 equis
983 1483 1173 1547 distractus
1201 1489 1238 1544 et

118 1600 250 1649 nobertbr·
282 1586 469 1664 suspendio
499 1585 636 1647 demum
672 1593 726 1648 est
757 1585 994 1665 interemptus,
1047 1581 1236 1656 Robertns,

115 1649 253 1742 gl.¹;³¹'·¹12'¹cffm’
283 1680 530 1744 Dunelmensis
578 1683 774 1762 episcopus,
812 1683 918 1758 obiit;
970 1681 1026 1743 cui
1066 1679 1236 1742 successit

115 1748 231 1844 illiga?
282 1777 443 1840 domiuus
470 1777 645 1841 Antonius
672 1777 761 1854 Bek,
790 1777 944 1859 ejusdem
971 1776 1039 1840 loci
1066 1776 1236 1839 archidia-

117 1845 170 1885 Μ’
281 1893 402 1937 conus.
457 1875 662 1952 Nicholaus,
695 1877 803 1939 abbas
838 1875 874 1939 S.
895 1874 1085 1955 Augustini
1124 1873 1232 1937 Cant·

280 1973 402 2049 uariae,
444 1974 610 2038 simulata
650 1974 926 2056 peregrinatione
977 1973 1021 2036 ad
1066 1972 1233 2036 Sanctum

281 2069 495 2136 Nicholaum
512 2073 556 2136 ad
570 2073 711 2149 Barum,
724 2073 855 2136 curiam
872 2071 1003 2135 domini
1018 2089 1120 2153 papae
1136 2070 1234 2147 adiit,

280 2177 388 2250 atque
403 2170 529 2234 baculo
546 2178 582 2233 et
596 2171 725 2234 annulo
742 2170 922 2250 dignitatis
940 2188 1013 2231 suae
1033 2169 1070 2230 in
1089 2186 1234 2230 manum

280 2265 411 2329 domini
437 2287 540 2349 papae
570 2267 773 2348 resignavit.
825 2265 907 2344 Quo
924 2265 1029 2340 sacto,
1053 2265 1166 2328 ordini
1191 2283 1231 2329 se

279 2364 461 2432 transtulit
471 2363 788 2444 Carthasiensium3
804 2363 981 2427 abbatiam
991 2381 1073 2426 vero
1086 2362 1241 2427 contulit.

279 2461 440 2525 domiuus
462 2481 557 2544 papa
577 2463 714 2526 cuidam
737 2463 882 2527 Thomas
906 2463 949 2525 de
974 2460 1122 2538 Fiudon,
1140 2460 1234 2544 ejus-

279 2559 358 2623 dem
383 2561 587 2624 monasterii
614 2561 796 2625 monacho.
861 2560 1000 2636 Petrus,
1031 2578 1095 2622 rex
1124 2557 1234 2623 Arra-

279 2658 407 2739 gouiae,
438 2658 604 2721 interris
630 2658 767 2735 Siciliae,
800 2656 982 2732 Calabriae,
1016 2664 1052 2721 et
1080 2654 1241 2738 Apuliae„

278 2757 415 2819 ratione
439 2757 562 2820 uxoris
583 2775 670 2832 suae,
694 2762 816 2837 utpote
842 2754 923 2817 filiae
956 2753 1143 2830 Manfredi,
1170 2756 1233 2819 filii

280 2852 469 2928 Frederici,
480 2854 655 2934 quondam
673 2854 909 2917 Romanorum
925 2852 1157 2932 imperatoris,
1172 2854 1233 2935 qui

277 2950 364 3031 ipsis
388 2952 502 3027 terris,
523 2960 564 3014 ut
588 2959 758 3028 asserunt,
781 2951 925 3014 saisitus
948 2951 1046 3026 obiit,
1074 2957 1110 3014 et
1129 2952 1233 3015 vesti·

276 3056 347 3124 tuS,
377 3049 438 3131 jus
469 3050 537 3111 sibi
561 3049 740 3112 vindicans
777 3049 1047 3124 haereditarium,
1076 3049 1232 3130 ipsarum

278 3155 450 3210 terrarum
473 3166 635 3227 proceres
657 3155 728 3210 tum
747 3148 926 3228 promissis
949 3155 1023 3210 tum
1046 3146 1146 3209 donis
1168 3147 1235 3209 sibi

277 3244 447 3321 alliciens,
463 3253 667 3308 cunctorum
690 3253 892 3326 magnatum
914 3253 1084 3308 terrarum
1105 3264 1235 3309 memo·

277 3351 433 3405 ratarum
467 3361 610 3405 assensu
641 3350 676 3406 et
707 3343 837 3418 favore,
870 3344 983 3407 omnia
1015 3343 1161 3406 castella
1198 3351 1232 3406 et

276 3441 487 3503 munitiones
511 3440 648 3516 Karoli,
667 3443 757 3522 regis
783 3441 923 3517 Siciliae,
946 3448 1020 3504 arte
1040 3440 1114 3503 sive
1138 3440 1232 3516 dolo,

276 3556 347 3600 una
376 3537 432 3599 die
467 3540 666 3619 occupavit,
699 3539 791 3601 viros
830 3539 990 3603 inventos
1029 3538 1231 3614 trucidavit,

276 3634 460 3698 thesauros
504 3637 570 3698 sibi
605 3636 854 3716 appropriavit,
898 3636 1075 3717 navigium
1118 3656 1232 3714 suum,

276 3732 472 3795 hominibus
507 3734 618 3808 caesiS,
655 3735 793 3814 penitus
832 3733 1016 3809 destruxit,
1051 3742 1232 3817 terrasque

274 3829 369 3906 illas,
385 3830 522 3896 Karolo
545 3851 627 3913 rege
654 3832 813 3913 expulso,
840 3851 1098 3913 praeoccupanS,
1122 3832 1231 3896 filium

275 3947 376 3990 suum
433 3950 539 3992 manu
577 3931 795 4012 imperatoris
844 3929 1232 4013 Constantinopolitani,

275 4026 374 4107 cujus
404 4030 548 4091 consilio
578 4029 776 4091 etauxilio
804 4029 918 4091 omnia
944 4028 1113 4109 praedicta
1141 4048 1230 4110 prae·
