3074 4508
363 312 429 374 274
612 324 860 373 courruusrro
884 322 1060 371 cunourcr

366 483 493 558 missis,
520 484 701 546 universos
733 490 767 545 et
797 480 953 560 singulos
971 479 1112 561 Angliae
1137 476 1316 560 praelatos,

366 602 444 645 cum
463 603 527 646 suo
548 583 652 658 clero,
676 600 807 645 necnon
829 591 864 643 et
889 578 1071 660 religiosos
1093 595 1212 641 omnes
1236 592 1316 657 pos·

366 682 539 743 sessiones
583 681 788 754 obtinentes,
827 679 870 742 ad
907 679 1021 759 ipsum
1063 676 1316 759 parlamentum

368 786 521 851 vocatos,
555 779 599 840 ad
637 778 870 858 praestandam
909 778 1128 841 medietatem
1163 772 1313 837 omnium

369 877 535 939 bonorum
561 895 701 939 suorum
736 875 967 957 spiritualium
1000 885 1035 939 et
1061 870 1317 955 temporalium,

362 974 470 1056 juxta
495 976 712 1038 taxationem
738 993 801 1055 per
831 974 936 1036 denas
961 974 1122 1054 proximo
1157 966 1319 1053 praebibi-

369 1084 452 1145 tam,
479 1074 545 1136 sibi
569 1073 788 1155 patrandam,
813 1079 848 1135 et
873 1071 917 1135 ad
944 1080 1015 1135 tres
1041 1071 1218 1145 terminos,
1238 1068 1317 1149 ipso

368 1189 458 1234 anno
486 1173 644 1246 durante,
668 1171 881 1247 solvendam,
909 1169 1076 1252 compulit
1100 1177 1136 1233 et
1150 1167 1319 1232 violenter

368 1270 518 1334 induxit.
575 1270 684 1353 Cujus
705 1270 839 1350 quidem
864 1270 1098 1351 praestationis
1117 1284 1253 1330 summa
1272 1263 1317 1327 ad

369 1364 422 1430 ΟἾ.
449 1369 524 1432 libr.
549 1370 746 1433 excrevisse
766 1367 923 1432 refertur.
976 1365 1124 1431 Nostra¹
1147 1362 1318 1447 siquidem

370 1469 562 1547 praestatio,
581 1469 623 1531 ad
648 1486 762 1532 ocmv.
777 1469 850 1544 lib,
873 1483 926 1533 xi.
943 1467 989 1543 d.,
1012 1468 1068 1531 ob.
1087 1482 1136 1527 iv.
1152 1462 1318 1527 excrevit.

206 1584 269 1627 John·
280 1584 325 1632 abr·
336 1585 360 1622 or
371 1565 517 1629 Interim
535 1568 700 1647 magister
718 1565 740 1630 J
743 1567 894 1629 ohannes
911 1567 954 1629 de
973 1564 1161 1637 Saunford,
1184 1560 1318 1625 archie-

206 1633 534 1744 {illilnmpiscopus
575 1665 812 1738 Dublinonsis‚
850 1664 921 1743 qui,
959 1682 1030 1725 una
1062 1682 1139 1725 cum
1179 1659 1319 1723 domino

206 1742 219 1769 a
228 1732 316 1769 mirsion
327 1736 349 1769 to

205 1783 355 1829 theemreror:
370 1760 537 1837 Antonio,
578 1762 802 1825 Dunelmensi
839 1762 1016 1842 episcopo,
1057 1759 1203 1839 aliisque
1232 1775 1317 1819 nou·

371 1859 473 1922 nullis
488 1859 580 1939 regis
596 1859 736 1941 Angliae
753 1859 923 1932 fidelibus,
942 1878 1005 1940 pro
1021 1858 1171 1939 negotiis
1185 1872 1320 1937 guerrae

372 1977 457 2032 suae,
476 1977 592 2040 regem
615 1957 830 2022 Alemanniae
847 1957 1025 2039 ipsiusque
1041 1965 1144 2020 terrae
1160 1972 1320 2037 proceres

372 2075 449 2118 cum
487 2065 657 2139 apparatu
696 2077 767 2122 non
806 2056 940 2120 modico
977 2055 1122 2131 adierat,
1155 2052 1320 2134 Angiiam

205 2173 344 2214 nmrru-
369 2155 516 2231 redienS,
544 2163 580 2218 et
607 2155 701 2236 apud
727 2153 954 2227 Gernemutb,
981 2161 1062 2235 post
1082 2170 1213 2236 paucos
1234 2149 1321 2224 dies,

206 2224 290 2263 ‘mm‘
371 2253 498 2315 ibidem
527 2252 737 2332 defungitur.
791 2252 834 2315 In
857 2251 1077 2332 parlamento
1104 2268 1211 2332 supra
1240 2267 1321 2329 pro·

205 2369 305 2457 ppptqqs
370 2351 467 2413 ximo
480 2349 612 2425 habito,
628 2351 794 2431 magister
804 2348 1004 2414 Willelmus
1022 2349 1065 2412 de
1088 2345 1320 2423 Monte-sorti,

206 2467 336 2563 {lm
370 2447 524 2511 decanus
542 2447 578 2512 S.
598 2447 701 2511 Pauli
725 2448 926 2523 Londoniae,
942 2448 1002 2528 qui
1025 2447 1156 2528 negotii
1179 2445 1320 2509 decimae

206 2566 330 2631 eaquae
371 2546 444 2625 regi
489 2546 643 2626 Angliae,
686 2547 722 2608 in
771 2546 962 2609 subsidium
1010 2546 1130 2609 Terrae
1184 2543 1321 2608 Sanctae

207 2616 286 2655 ⁹⁸⁰¹*
370 2644 499 2706 dudum
523 2662 709 2718 concessae,
735 2645 770 2706 in
797 2644 893 2707 curia
921 2644 1084 2708 Romana
1107 2648 1322 2725 procurator,

371 2748 406 2804 et
435 2741 633 2822 praecipuus
663 2743 882 2822 negotiorum
910 2741 1020 2822 ipsius
1054 2741 1146 2820 regis
1175 2742 1212 2803 in
1238 2740 1321 2801 sub·

371 2840 562 2902 versionem
593 2839 764 2903 libertatis
804 2840 959 2902 ecclesiae
993 2839 1200 2921 Anglicanae
1239 2856 1322 2901 exe-

371 2946 472 3000 cutor
488 2937 656 3001 extiterat
672 2945 707 3001 et
720 2935 925 3018 promotor,2
948 2939 1065 3001 subito
1082 2946 1117 3000 et
1132 2938 1323 3018 inopinate,

370 3035 405 3096 in
435 3043 625 3116 conspectu
653 3036 764 3118 ipsius
792 3036 883 3117 regis
907 3036 1042 3117 sibique
1074 3035 1322 3109 assistentium,

370 3133 487 3195 subita
514 3152 701 3214 percussus
728 3134 899 3215 passione,
924 3134 1095 3208 ultimum,
1128 3134 1164 3196 in
1195 3141 1321 3196 terrain

406 3351 548 3424 ¹Nortra.]
577 3357 631 3407 The
650 3359 735 3420 abbey
755 3360 784 3407 of
797 3359 834 3408 St.
860 3359 995 3407 incolumis
1025 3359 1058 3406 ud
1084 3361 1182 3408 curiam
1211 3359 1326 3419 veniens,

370 3426 522 3477 Edmnnd’s.
861 3432 889 3474 ut
906 3428 974 3487 regis
991 3428 1102 3475 animum
1126 3428 1261 3488 mitigaret,
1279 3434 1326 3475 aut

860 3496 949 3543 saltem
973 3496 1024 3543 tale
1045 3498 1137 3557 jugum
1167 3496 1326 3556 importabile

402 3560 412 3588 ²
431 3561 583 3622 Promotou]
607 3563 681 3610 From
703 3563 775 3611 other
792 3576 834 3610 ac·
859 3565 999 3623 servitutis,
1016 3566 1085 3612 sicut
1106 3566 1188 3613 bonus
1207 3565 1324 3614 ecclesiae

368 3637 458 3679 counts
470 3633 489 3679 ir
503 3631 639 3679 wouldnot
647 3645 714 3679 seem
727 3631 783 3679 that
791 3631 833 3680 the
858 3632 936 3692 lilius,
964 3632 1096 3695 levigaret,
1121 3640 1147 3681 et
1169 3634 1325 3693 appmpians

367 3700 432 3747 dean
440 3702 640 3748 wasacreature
648 3700 677 3746 os
684 3699 831 3747 Edward's:
858 3706 916 3748 ante
941 3715 1036 3763 regem,
1054 3708 1083 3750 ut
1104 3716 1243 3750 sermonem
1265 3716 1325 3750 rou·

367 3768 493 3816 Matthew
500 3769 528 3816 oi
538 3768 716 3816 Westminster
723 3769 761 3830 (p.
771 3765 832 3831 422)
859 3775 970 3829 ceptum,
978 3785 1025 3830 pro
1033 3786 1084 3830 quo
1092 3775 1205 3829 venerat,
1215 3785 1325 3831 expone·

366 3848 427 3896 says
449 3838 602 3898 conceming
625 3837 688 3896 him,
711 3838 832 3885 ‘Dicitur
858 3843 905 3898 ret,
921 3846 1025 3899 repente
1045 3841 1121 3888 labiis
1138 3842 1325 3901 obmutescens,

366 3907 442 3953 etiam
454 3907 523 3971 quod
535 3906 656 3967 magister
668 3904 831 3955 Gulihelmus
857 3908 955 3954 viribus
1008 3910 1121 3969 corporis
1175 3908 1323 3972 destitutus,

365 3974 398 4020 de
421 3974 588 4033 Monte-sorti,
614 3975 727 4023 decanus
750 3976 831 4024 eccle·
857 3990 940 4024 coram
969 3991 1029 4038 rege
1053 3992 1184 4039 corruens,
1206 3978 1324 4037 spiritum

365 4043 410 4089 siae
429 4042 455 4091 S.
471 4045 548 4091 Pauli
570 4043 689 4105 Loudia,
709 4058 786 4092 sanus
805 4045 1006 4105 etexlralavit!
