3074 4508
435 351 626 399 rnonnrrrrr
654 349 931 398 wrconrunnsrs.
1092 337 1160 398 209

208 503 340 567 auxilio
370 516 432 570 aut
465 508 609 571 consilio
638 508 766 571 eisdem
800 508 1070 582 consentientes,
1095 505 1157 571 aut
1215 588 1218 595 Ι

207 612 387 668 contractu
407 608 648 688 qualicumque
666 625 744 669 cum
773 607 822 668 eis
846 606 1157 682 communicantes,

208 702 356 780 pulsatis
371 707 559 786 campanis
575 705 730 768 accensis
743 704 1158 779 luminariiS‚sententiam

208 805 571 867 excommunicationis
584 803 719 884 publice
733 810 768 867 et
780 801 978 865 solemniter
988 803 1155 866 tulerunt.

210 895 299 973 Quae
315 900 453 981 quidem
475 903 657 976 sententia,
673 900 790 964 habito
814 901 1001 963 Londoniae
1022 902 1157 982 episco-

209 1014 332 1075 porum
349 999 486 1079 Angliae
503 1001 660 1075 concilio,
673 1001 728 1062 dre
744 998 779 1061 S
798 999 903 1062 Lucae
920 998 978 1080 [18
997 998 1076 1062 Oct.
1081 1000 1095 1079 ]
1112 1001 1157 1062 ab

210 1096 262 1156 eis
286 1106 455 1160 renovata
471 1105 535 1173 est,
556 1105 594 1161 et
616 1098 838 1169 confirmata3
864 1097 906 1159 ad
931 1096 1031 1179 cujus
1054 1102 1155 1160 euor-
1170 1111 1281 1161 menn,

207 1194 342 1256 mitatis
366 1196 510 1258 scelus
501 1217 536 1258 rn
558 1196 869 1275 transgressoribus
896 1195 1156 1271 refundendum,
1170 1168 1281 1252 liliis

209 1301 324 1355 motus
348 1293 504 1356 dominus
532 1314 594 1358 rex
617 1313 736 1358 versus
762 1301 877 1376 partes
902 1293 1157 1370 Norwioenses,

209 1390 265 1452 die
275 1390 450 1472 SAEgidii
461 1394 496 1472 [1
508 1393 622 1474 Sept.]
635 1394 726 1474 apud
737 1393 899 1456 Sanctum
915 1392 1156 1455 Eadmundum

210 1490 377 1567 accessit3
422 1491 616 1571 ibidemque
654 1510 757 1570 super
794 1491 932 1569 negotio
966 1501 1158 1554 memorato

209 1588 439 1651 consulendos
468 1590 647 1652 universos
681 1589 787 1651 totius
822 1587 962 1667 Angliae
998 1608 1158 1669 proceres

210 1687 350 1748 vocavit
365 1696 400 1750 et
415 1696 606 1767 magnates,
654 1686 755 1749 Mora
765 1687 872 1767 igitur
887 1687 1010 1749 ibidem
1026 1707 1087 1768 per
1103 1704 1158 1752 xl.

210 1783 284 1847 dies
316 1785 421 1861 facta,
454 1786 509 1848 die
546 1785 749 1848 Sanctorum
784 1784 907 1847 Prothi
938 1793 972 1848 et
1006 1786 1158 1849 lacincti

210 1882 269 1961 [11
302 1882 415 1963 Sept.]
448 1903 567 1946 versus
599 1883 811 1957 Norwicum,
840 1902 902 1963 pro
930 1882 1083 1947 vindicta
1115 1884 1159 1946 de

210 1985 309 2042 tanto
326 1981 454 2043 scelere
469 1980 650 2061 capienda,
665 1981 730 2043 iter
744 1980 901 2061 arripuit.
939 1979 1009 2056 Qui
1025 2000 1156 2044 moram
1172 1992 1319 2081 {paulum

210 2077 337 2140 ibidem
362 2097 425 2160 per
444 2079 516 2141 dies
535 2093 619 2141 x111
643 2077 784 2152 faciens,
805 2077 967 2140 vindictae
990 2078 1032 2141 de
1058 2086 1159 2143 tanto
1173 2092 1257 2130 noter·-

210 2175 341 2239 scelere
372 2179 530 2258 quamvis
559 2196 628 2240 non
657 2176 700 2238 ad
731 2176 869 2258 plenum
902 2176 1068 2239 faciendae
1094 2178 1159 2240 ali-

211 2274 415 2353 quantulum
437 2275 599 2348 indulsit3
625 2275 767 2355 triginta
788 2293 936 2355 namque
958 2282 994 2337 et
1010 2282 1161 2356 quatuor·

211 2373 288 2446 viri,
317 2392 455 2454 unaque
482 2373 606 2435 mulier
630 2373 672 2435 de
695 2380 797 2447 tantu
824 2372 1055 2447 multitudine,
1080 2374 1161 2437 reli·

211 2488 358 2549 quorum
378 2471 561 2552 marsupiis
578 2490 601 2533 a
617 2469 802 2532 curialibus
822 2472 1002 2545 emunctis,
1020 2471 1161 2551 quidam

212 2567 351 2647 quidem
388 2587 450 2649 per
487 2569 582 2631 vicos
623 2568 775 2631 civitatis
814 2567 996 2642 distracti,
1021 2568 1162 2649 quidam

211 2666 382 2746 suspensi,
395 2666 534 2747 qnidam
550 2666 733 2742 combusti,
750 2665 905 2729 nonnulli
919 2667 1025 2728 etiam
1042 2686 1161 2730 eorum

210 2763 427 2843 singularum
439 2783 619 2847 poenarum
637 2765 790 2846 ipsarum
807 2764 964 2827 mulctati
979 2766 1161 2847 supplicio,

210 2881 334 2942 poenas
349 2863 487 2926 luerunt
501 2861 728 2926 caeteromm.¹

262 2959 488 3023 Eadmundus
512 2960 556 3023 de
584 2959 801 3036 Alamannia,
825 2980 938 3023 comes
963 2961 1161 3038 Cornubiae,

211 3057 313 3120 duxit
331 3059 367 3120 in
384 3078 529 3122 uxorem
545 3058 794 3139 Margaretam,
809 3078 959 3122 sororem
979 3057 1159 3133 Gileberti,

212 3156 347 3218 comitis
386 3155 595 3231 Gloverniae‚
634 3158 670 3218 in
710 3158 858 3219 crastino
891 3156 1027 3220 Sanctae
1064 3158 1161 3219 Fidis

211 3253 249 3333 [6
265 3253 376 3332 Oct.],
392 3256 451 3334 qui
476 3273 639 3317 unacum
670 3253 822 3317 Henrico
845 3254 887 3317 de
913 3255 1020 3335 Lucy,
1036 3255 1161 3317 comite

212 3351 456 3426 Lincolniensi,
480 3352 535 3415 die
558 3352 814 3415 Translatronrs
837 3352 873 3415 S
891 3353 1075 3415 Eadwardi
1101 3353 1162 3432 [13

212 3448 322 3529 Oct.],
340 3452 515 3512 accinctus
538 3457 592 3512 est
614 3449 829 3512 militaribus.
882 3449 995 3513 Adam
1019 3452 1060 3513 de
1078 3450 1160 3513 Chi·
1174 3460 1291 3550 gffiplggn

244 3598 251 3628 ¹
273 3601 442 3663 Ceterorum]
465 3602 551 3649 Triret
569 3601 673 3650 informs
698 3603 790 3649 dictam
808 3603 995 3650 malefactorum
1013 3603 1082 3650 misit
1099 3602 1160 3650 illuc

208 3684 240 3717 us
251 3669 305 3717 that
322 3669 362 3716 his
374 3669 457 3718 father
473 3685 528 3718 was
539 3670 581 3718 the
594 3672 674 3730 justi·
693 3672 860 3730 Justitiarium
889 3672 993 3719 militem
1024 3671 1159 3732 quendam,

209 3739 279 3798 ciary
291 3739 424 3798 employed
442 3753 472 3786 on
485 3739 535 3786 this
546 3741 672 3787 occasion.
698 3740 817 3787 Th0mam
835 3740 942 3787 Treveth
960 3741 1065 3798 dictum,
1077 3741 1122 3798 qui
1135 3744 1160 3787 et

210 3807 356 3867 According
367 3813 392 3854 to
403 3807 464 3867 him,
476 3808 496 3853 it
506 3807 592 3854 would
604 3822 672 3855 seem
694 3809 850 3867 justitiarius
865 3809 963 3855 itineris
980 3808 1062 3855 fuerat
1073 3808 1106 3855 de
1118 3822 1160 3855 co·

208 3877 263 3923 that
276 3875 367 3934 Henry
377 3875 518 3935 proceeded
534 3888 566 3922 no
577 3874 674 3922 further
698 3889 767 3935 rona,
778 3877 851 3936 cujus
868 3876 936 3923 filius
949 3881 1012 3936 erat,
1029 3876 1073 3935 qui
1088 3875 1162 3923 chro-

210 3945 271 3992 tban
295 3945 375 4003 Bury.
422 3945 472 3992 His
500 3944 584 3992 words
613 3958 672 3992 are:
697 3945 779 3992 nicam
791 3946 864 3992 istam
873 3941 991 4007 scripsit,'
999 3961 1024 4007 p.
1033 3946 1162 4006 arqedit.

208 4014 310 4074 ‘Super
332 4028 384 4073 qua
407 4028 433 4061 re
457 4013 604 4074 indignatus
627 4014 672 4060 ad·
697 4013 810 4062 E.H.S.

209 4083 310 4130 modum
333 4097 378 4130 rex
402 4082 540 4142 Hearicus,
562 4082 594 4129 ud
619 4083 671 4129 vin·

259 4196 344 4243 ΤΟΜ.
365 4197 402 4243 ll.
995 4198 1012 4242 P
