3074 4508
485 334 677 382 rnonnnrn
706 334 989 383 wraonurnusrs
1141 321 1206 384 239

254 498 288 552 et
306 488 479 570 praecipue
496 489 741 554 Gernemuthae
758 492 945 555 multorum
964 491 1084 553 extitit
1100 508 1206 552 cansa

254 589 558 651 incommodorum.
610 589 761 652 Domino
779 590 854 670 regi
870 589 1023 670 Angliae,
1046 589 1080 651 in
1096 589 1205 669 parti·
1220 603 1323 652 annue

254 687 318 748 bus
333 685 533 750 Wasconiae
560 688 795 762 commoranti,
827 707 849 749 a
869 707 951 769 rege
977 654 1355 750 Tartarorumfift‘l‘ne

251 784 439 847 sollemnes
460 785 581 848 directi
596 795 678 848 sunt
698 786 825 860 nuncii,
844 786 886 848 ad
909 788 1072 868 antiquas
1090 786 1208 848 amici·
1220 754 1302 792 Μ’

257 882 324 945 tias
340 882 554 963 interipsum
569 883 742 947 dominum
758 903 873 965 regem
886 893 921 949 et
939 884 1207 967 praedecessores
1251 883 1253 886 ’

257 999 340 1042 suos
356 1000 456 1061 reges
475 983 704 1045 renovandos.
746 983 851 1058 Item,
867 983 1026 1045 dominus
1042 1002 1105 1044 rex
1120 980 1209 1044 cele-

257 1078 374 1140 bravit
392 1077 626 1144 Nativitatem
644 1080 783 1144 Domini
805 1081 898 1162 apud
918 1077 1152 1160 Burdegalim¹
1171 1080 1207 1141 in

258 1174 444 1240 Gasconia.

307 1274 428 1338 Tertio
452 1294 533 1338 non.
552 1275 716 1340 Februar.
742 1274 779 1360 [3
797 1275 914 1361 Feb.],
941 1277 976 1337 in
1003 1276 1207 1356 crepusculo
1233 1291 1361 1330 anuas.

257 1373 381 1447 noctis,
397 1374 513 1437 subito
533 1381 567 1437 et
590 1395 634 1439 ex
653 1375 842 1456 inopinato,
859 1374 951 1456 apud
977 1373 1013 1437 S.
1031 1374 1207 1438 Eadmun·
1220 1358 1353 1446 ftffifd‘*

256 1471 350 1545 ‹lum,
366 1471 470 1532 nullis
488 1473 624 1551 penitus
642 1475 751 1553 signis
767 1472 1041 1553 praeambulatis,
1058 1474 1122 1534 sub
1137 1492 1207 1534 uno

257 1577 292 1630 et
307 1569 427 1631 eodem
443 1579 627 1646 momento,
642 1571 804 1651 apparuit
825 1571 1017 1634 coruscatio
1040 1589 1117 1632 cnm
1139 1589 1207 1632 non

257 1667 333 1730 dico
375 1668 540 1743 tonitruo,
575 1668 636 1731 sed
675 1668 813 1748 fragore
856 1669 1005 1750 quodam
1052 1667 1206 1743 terribili,

257 1765 449 1848 foetoreque
472 1767 696 1848 subsequenti
721 1766 939 1829 intolerabili.
992 1765 1208 1830 Concomita-

257 1864 384 1927 bantur
411 1866 516 1928 etiam
537 1866 664 1929 dictam
683 1871 923 1947 tempestatem
944 1864 1103 1927 scintillae
1118 1865 1208 1944 ignis

259 1963 464 2038 manifestae,
490 1964 609 2026 oculos
632 1963 821 2026 videntium
847 1963 1058 2025 horribiliter
1084 1982 1209 2025 concu-

258 2059 395 2122 tientes.
466 2060 586 2141 Hnjus
635 2060 803 2142 siquidem
826 2060 1063 2139 tempestatis
1103 2059 1207 2123 vehe-

258 2158 398 2235 mentia,
426 2159 514 2222 turri
539 2158 692 2223 ecclesiae
721 2157 764 2221 de
792 2157 1006 2222 Bernewelle
1031 2176 1208 2232 succensa,

258 2255 405 2337 aliisque
420 2256 554 2320 damnis
572 2256 758 2320 conventui
773 2255 856 2319 dicti
880 2255 945 2318 loci
966 2254 1087 2330 illatis,
1104 2256 1208 2318 tertia

258 2353 329 2416 fere
346 2374 428 2435 pars
454 2355 564 2436 ipsius
585 2355 678 2418 villae
697 2355 779 2435 igne
799 2361 1005 2433 consumpta
1025 2359 1089 2416 est.
1136 2352 1207 2416 Re·

257 2450 401 2514 fectorio
417 2453 522 2515 etiam
534 2453 570 2515 S.
584 2452 778 2515 Eadmundi
793 2451 1045 2532 aliquantulum
1063 2450 1210 2513 adhaesit

258 2549 350 2629 ignis
379 2548 449 2624 ille,
482 2550 544 2613 sed
566 2549 743 2613 celerrime
767 2567 789 2612 a
817 2548 993 2612 monacbis
1017 2548 1127 2611 eidem
1152 2554 1206 2611 est

259 2648 479 2710 subventum.
1089 2710 1091 2714 .

309 2745 480 2808 Dominus
522 2744 766 2826 Hieronymus,
804 2745 985 2825 opiscopus
1023 2743 1208 2807 cardinalis
1222 2762 1370 2805 nanuum.

260 2842 510 2918 Praenestinus,
538 2844 580 2906 de
613 2843 732 2907 ordine
760 2842 906 2906 fratrum
939 2837 1122 2918 minorum,
1152 2843 1208 2905 die
1221 2814 1300 2856 ‘m
1308 2824 1370 2863 '⁰⁹⁰'

258 2941 293 3004 S.
311 2941 656 3004 Petri-in-Catbedra
673 2939 733 3024 [22
749 2939 865 3025 Feb.],
881 2940 917 3002 in
935 2959 1106 3003 summum
1124 2959 1209 3021 pon-

259 3039 385 3102 tificem
409 3047 463 3102 est
485 3039 625 3116 electae,
651 3039 832 3120 dictusque
849 3044 903 3102 ast
927 3037 1119 3102 Nicholaus
1138 3037 1206 3102 IV.

260 3136 446 3213 HenricuS,
475 3137 743 3200 Saresberiensis
771 3132 1025 3218 episcopusin
1051 3137 1125 3200 fata
1147 3137 1206 3200 de·
1220 3126 1362 3253 §.gwy

259 3237 385 3314 cessit;
417 3255 486 3318 quo
515 3237 688 3310 defuncto,
710 3235 810 3298 electi
837 3241 919 3297 sunt
944 3235 1013 3298 duo
1037 3236 1204 3315 magistrr,
1219 3257 1334 3351 ma

260 3334 421 3397 videlicet
445 3333 641 3397 Willelmus
667 3333 764 3396 dela
789 3332 914 3408 Corne,
940 3339 975 3394 et
999 3333 1206 3396 Laurentius
1221 3353 1351 3392 amimae

258 3432 301 3495 de
332 3431 539 3507 Hakebrun,
577 3432 731 3513 ejusdem
761 3431 827 3494 loci
859 3431 1032 3494 canonici:
1073 3431 1134 3494 sed
1165 3404 1326 3493 L.¹⁸⁰⁰¹²¹⁸·

257 3531 377 3593 statim
404 3530 578 3606 defuncto,
600 3531 711 3593 iterim
736 3530 865 3593 electus
891 3537 945 3592 est
968 3531 1133 3610 magister
1149 3528 1208 3592 W.

258 3629 489 3708 supradictus.
537 3629 659 3693 Pridie
682 3648 761 3692 non.
778 3628 877 3692 Junii
899 3628 936 3709 [4
950 3626 1066 3708 Jun.],
1090 3628 1208 3690 habito
1220 3648 1315 3736 &mesen
1325 3695 1362 3734 na

258 3727 418 3788 conflictu
430 3727 522 3789 inter
533 3726 653 3789 ducem
667 3727 940 3790 Brabantensem
951 3745 995 3788 ex
1012 3744 1081 3787 una
1097 3732 1208 3805 parte,
1221 3745 1315 3834 <lim
1324 3792 1366 3831 md

257 3833 291 3887 et
310 3825 606 3905 archiepiscopum
624 3823 778 3887 Coloniae
800 3834 834 3886 et
857 3825 1014 3886 comitem
1038 3823 1081 3884 de
1104 3822 1209 3885 Gelre
1223 3843 1364 3942 &offla

258 3943 302 3985 ex
319 3923 440 3998 altera,
460 3923 639 4003 utriusque
662 3923 766 3984 etiam
785 3922 894 4002 partis
919 3941 1009 3983 caesa
1032 3941 1209 4002 procerum
1223 3942 1367 4034 tonfflmr

552 4071 558 4099 ¹
575 4056 759 4136 ¹lior-degusta]
779 4075 924 4124 Bordeaux.
