3074 4508
209 509 341 547 wtncherter
351 519 356 552 ;

207 559 224 597 ts
234 556 341 605 sumrtsed

367 317 432 380 194
620 330 869 380 corninunrro
892 330 1066 378 canorum

369 490 463 553 circa
485 489 612 553 festum
633 487 670 552 S.
694 486 864 552 Swithuni
890 486 950 569 [15
965 482 1067 568 Jul.]‚
1086 485 1231 549 multum
1253 504 1313 567 pe·

207 607 358 646 annuerem.
371 588 507 652 cuniam
530 595 566 652 et
593 588 706 670 spolia
729 586 809 649 inde
831 585 976 659 detulit;
1007 591 1042 648 et
1070 603 1139 649 non
1165 584 1312 647 multum

372 694 464 768 post,
496 686 609 749 dictus
639 684 780 767 Symon,
814 685 906 748 filius
938 684 1071 748 comitis
1103 683 1313 757 Leicestriae,

372 803 486 848 comes
508 783 666 858 Oxoniae,
687 784 882 848 Willelmus
905 784 948 847 de
974 783 1096 846 Monte
1119 781 1259 857 Caniso,
1280 789 1315 846 et

373 881 473 945 multi
506 881 565 944 alii
597 881 742 957 nobiles,
767 881 847 943 dum
880 880 1075 963 praesidium
1104 899 1153 944 sc.
1179 878 1323 944 comitis-

374 979 571 1043 Lcicestriae
582 979 695 1042 facere
707 979 847 1055 vellent,
862 980 954 1061 apud
974 977 1213 1043 Kenilwurthe
1228 977 1314 1041 adu·

374 1085 513 1141 nantur.
566 1076 632 1141 Sed
654 1077 846 1140 Edwardus
866 1083 902 1140 et
921 1095 1035 1140 comes
1052 1074 1260 1152 Gloverniae‚
1277 1085 1315 1140 et

375 1177 435 1259 qui
463 1176 616 1240 cumeis
647 1181 757 1252 erant,
788 1175 877 1239 clam
906 1175 1198 1257 supervenientes,
1220 1177 1316 1257 ipsos

374 1277 534 1339 incautos
550 1281 586 1338 et
599 1275 745 1338 inermes
760 1282 937 1355 ceperunt,
947 1273 1191 1354 spoliaverunt,
1202 1281 1237 1338 et
1252 1293 1316 1356 per

376 1375 514 1438 diversa
543 1373 680 1455 Angliae
711 1373 790 1438 loca
824 1372 991 1436 custodiae
1019 1373 1314 1455 mancipaverunt.

378 1474 526 1537 Factum
558 1481 611 1536 est
637 1473 729 1536 istud
756 1471 826 1535 kal.
859 1469 1012 1553 Augusti
1046 1468 1082 1554 [l
1112 1470 1234 1553 Aug.],
1260 1471 1315 1536 die

233 1645 259 1674 ve
287 1644 329 1673 m·
378 1571 534 1636 Sabbati.
587 1571 679 1634 Dum
709 1572 782 1635 haec
809 1570 859 1633 sic
884 1579 1081 1651 agerentur,
1108 1571 1209 1634 istius
1231 1570 1315 1634 sacti

376 1671 489 1750 ignari
522 1669 661 1750 Symon,
696 1687 809 1731 comes
840 1667 1050 1742 Leicestriae,
1081 1677 1116 1731 et
1146 1671 1205 1750 qui
1235 1687 1314 1731 cum

377 1786 419 1830 eo
452 1773 564 1841 erant,
592 1766 756 1829 ducentes
786 1782 915 1845 regem,
948 1766 1157 1828 transierunt
1189 1766 1316 1829 flumen

377 1864 573 1940 Sabrinam,
589 1864 656 1945 [et]
676 1871 844 1927 venerunt
859 1881 969 1945 usque
985 1863 1168 1927 Evesham.
1220 1863 1319 1942 Quos

378 1962 571 2027 Edwardus
592 1969 628 2026 et
650 1961 696 2026 G.
716 1963 759 2026 de
781 1961 895 2038 Clare,
910 1981 1025 2026 comes
1051 1959 1258 2037 Glovernioe,
1282 1970 1319 2027 et

323 2142 326 2147 Ι
378 2061 604 2137 marchiones,
619 2080 696 2125 cum
712 2079 838 2142 magna
852 2060 1072 2143 insequentes
1087 2061 1320 2138 multitudine,

380 2161 622 2224 commiserunt
639 2179 719 2223 cum
741 2159 791 2222 eis
815 2158 979 2240 proelium
1007 2165 1109 2221 extra
1132 2159 1318 2235 Evesham,

381 2274 421 2321 u.
447 2277 527 2320 non.
555 2255 708 2337 Augusti
738 2252 776 2340 [4
802 2253 924 2336 Aug.],
955 2255 1011 2318 die
1039 2255 1131 2319 Mar.
1183 2255 1226 2320 In
1249 2275 1327 2345 quo-

380 2354 578 2418 ceciderunt
598 2373 646 2418 sc.
669 2373 783 2418 comes
802 2352 1012 2431 Leicestriae,
1031 2354 1204 2419 Henricus
1228 2354 1320 2419 filius

381 2454 456 2536 ejus
487 2453 745 2536 primogenitus,
781 2451 890 2533 Hugo
921 2451 1161 2534 Dispensator,
1186 2454 1321 2537 justiti·
1404 2525 1407 2529 ,
1488 2423 1493 2431 ν
1526 2518 1529 2533 2

306 2636 308 2641 Ι
382 2552 476 2615 arius
494 2550 645 2632 Angliae,
664 2558 700 2615 et
716 2550 786 2615 sere
802 2569 920 2614 omnes
935 2550 996 2614 alii
1013 2550 1144 2615 nobiles
1162 2571 1206 2615 ex
1221 2559 1320 2637 parte

382 2650 474 2730 regis
506 2650 705 2713 existentes.
767 2647 951 2712 Walenses
982 2667 1064 2713 vero
1093 2656 1129 2713 et
1160 2650 1247 2714 alios
1276 2651 1321 2715 ad

383 2747 564 2811 ecclesiam
577 2746 769 2828 fugientes
795 2753 867 2809 tam
890 2746 984 2808 intra
1011 2747 1190 2812 ecclesiam
1216 2767 1321 2830 quam

383 2852 498 2922 extra,
528 2844 737 2908 horribiliter
766 2844 1040 2919 trucidaverunt,
1065 2863 1147 2926 rege
1181 2854 1217 2911 et
1245 2848 1323 2911 aliis

382 2942 550 3006 ministris
587 2942 782 3024 regalibus·
803 2944 916 3023 captis
952 2949 988 3006 et
1030 2943 1079 3006 sic
1115 2945 1322 3025 volentibus.

384 3040 514 3105 Eodem
526 3040 592 3116 die,
606 3041 699 3104 circa
710 3042 831 3105 horam
842 3040 909 3103 dici
922 3041 1071 3114 tertiam,
1084 3049 1183 3105 tanta
1197 3042 1324 3125 pluviae

218 3116 228 3144 ⁸
253 3114 294 3144 ’ω’
384 3139 576 3214 inundatio,
588 3147 688 3203 tanta
703 3140 858 3203 tonitrua
875 3146 910 3201 et
936 3139 1140 3215 coruscatio,
1154 3148 1189 3204 et
1213 3148 1323 3205 tantae

385 3238 502 3301 densae
526 3239 676 3301 tenebrae
706 3238 906 3312 extiterunt,
935 3244 975 3299 ut
1010 3255 1087 3299 cum
1119 3245 1211 3302 esset
1239 3240 1325 3303 hora

384 3336 520 3418 prandii
547 3337 605 3398 vix
634 3337 746 3398 cibum
775 3336 972 3416 appositum
1000 3341 1186 3416 potuerunt
1212 3356 1325 3402 come-

264 3447 325 3486 ari»
385 3435 504 3498 dentes
527 3435 654 3497 videre.
708 3433 788 3496 Hoc
810 3432 901 3495 bello
919 3433 970 3495 sic
992 3443 1144 3512 peracto,
1167 3453 1242 3511 rex,
1266 3437 1325 3517 qui

385 3533 486 3614 quasi
520 3534 556 3595 in
577 3531 734 3595 custodia
755 3550 866 3611 nuper
889 3530 1014 3605 fuerat,
1040 3528 1203 3595 familiam
1225 3552 1325 3597 suam

386 3630 540 3710 collegit,
572 3636 607 3692 et
636 3628 746 3691 multo
779 3627 1049 3690 numerosiorem
1079 3648 1181 3709 quam
1217 3633 1326 3714 prius,

385 3747 505 3809 pacem
515 3727 733 3808 proclamans
744 3732 777 3787 et
787 3727 1040 3806 parlamentum
1051 3745 1150 3790 suum
1160 3729 1326 3794 inNativ.

384 3829 496 3889 beatae
518 3825 642 3889 Mariae
663 3823 701 3904 [8
716 3823 830 3906 Sept]
853 3823 945 3905 apud
961 3821 1175 3889 Wintoniam
1195 3827 1329 3892 denun-

384 3927 491 3988 cians.
548 3923 613 3987 Ubi
635 3942 797 4004 magnam
820 3923 1001 4003 pecuniam
1020 3924 1064 3985 ab
1080 3925 1235 3989 omnibus
1258 3926 1329 3989 fere

383 4021 524 4101 Angliae
541 4023 706 4103 praelatis,
721 4029 792 4084 tam
806 4028 905 4101 pater
916 4039 1020 4100 quam
1034 4020 1126 4084 filins
1144 4025 1330 4104 caeterique
