3074 4508
321 301 386 363 136
570 317 820 366 ΟΟΝἹἾΝΠΑΊΊΟ
845 320 891 367 GH
898 320 1021 368 RONlOl

319 473 494 557 lapidibus
526 477 783 558 pretiosissimis
822 477 974 559 undique
1005 482 1139 556 operta,
1172 490 1277 555 opere

321 574 557 654 pulcherrimo
582 583 617 640 et
642 576 787 640 mirifico
810 576 916 651 facta,
935 593 1045 656 eaque
1072 574 1109 635 in
1135 571 1207 635 suis
1224 591 1278 635 re·

159 709 263 751 ,mmm
323 673 477 737 condidit
505 675 688 738 thesauris.
734 675 972 739 Servabantur
997 673 1133 735 interea
1157 689 1220 734 rex
1243 677 1279 732 et

158 761 290 849 diffidi-'¹¹
324 789 440 833 0⁰111es
485 775 552 836 sub
595 772 774 837 custodia:
821 793 940 838 verum
980 771 1102 852 regina
1137 768 1279 830 nimium

158 860 300 956 {flffiggsm
325 875 510 948 satagente
539 890 603 952 pro
627 891 721 953 rege,
750 879 785 935 et
811 870 1061 935 vicecomitissa
1090 867 1193 932 valde
1218 866 1280 929 de·

160 959 291 1048 2¹ss3ssssss
325 965 475 1029 sudante
496 986 560 1047 pro
576 970 713 1045 comite,
738 970 857 1032 multis
878 967 1095 1032 internuntiis
1112 973 1148 1029 et
1163 964 1281 1028 amicis

324 1063 484 1126 fidelibus
508 1064 688 1129 hincinde
711 1066 994 1140 discurrentibus,
1016 1065 1194 1128 amborum
1219 1062 1280 1125 de-

324 1162 541 1225 liberationis
564 1162 645 1225 talis
668 1164 849 1227 ordinatur
873 1163 1038 1238 conditio,
1066 1170 1105 1225 ut
1131 1181 1193 1224 rex
1215 1180 1280 1224 suo

325 1262 510 1324 restitutus
528 1281 647 1342 regno,
668 1269 704 1325 et
728 1281 844 1325 comes
867 1263 931 1324 sub
955 1280 996 1324 eo
1018 1261 1126 1324 totius
1144 1259 1281 1340 Angliae

325 1360 534 1423 sublimatus
549 1360 714 1436 dominio,
729 1360 853 1424 fierent
868 1362 970 1423 ambo
985 1358 1083 1440 regni
1102 1366 1139 1422 et
1156 1359 1279 1440 patriae

321 1458 411 1540 justi
438 1461 673 1523 moderatores
703 1468 739 1523 et
766 1460 862 1542 pacis
892 1465 1163 1541 recuperatores,
1190 1457 1282 1520 sicut

327 1558 436 1619 totius
464 1557 688 1621 dissensionis
716 1566 751 1621 et
781 1559 988 1622 turbationis
1014 1558 1204 1620 extiterant
1230 1557 1283 1618 in-

327 1663 485 1717 centores
518 1664 624 1736 atque
654 1664 826 1719 auctores.
879 1656 930 1719 At
960 1657 1083 1719 comite
1112 1655 1147 1717 id
1180 1673 1284 1734 agere

327 1759 494 1814 renuente
524 1755 655 1833 absque
684 1772 856 1816 consensu
885 1753 1123 1832 imperatricis,
1154 1753 1282 1814 sororis

327 1867 414 1922 suae,
439 1856 611 1913 conventa
634 1851 677 1913 de
703 1850 769 1913 hoc
793 1851 856 1914 illa
887 1851 1026 1913 omnino
1057 1849 1282 1926 contradixit,

328 1967 465 2011 omnem
480 1967 602 2030 pacem
617 1956 653 2012 et
670 1950 888 2012 concordiam
903 1967 987 2030 erga
1008 1966 1123 2030 regem
1145 1949 1284 2028 penitus

329 2047 530 2128 abnegavit.
599 2047 697 2111 Unde
729 2047 860 2111 factum
890 2056 957 2124 est,
988 2055 1029 2110 ut
1058 2048 1103 2110 ab
1136 2047 1282 2110 invicem

327 2144 552 2225 impacificati
575 2145 803 2219 discederent,
826 2166 889 2227 per
911 2152 1021 2208 totum
1045 2163 1173 2207 aunum
1188 2145 1284 2206 dein·

329 2260 412 2321 ceps
430 2261 532 2304 omne
548 2261 693 2322 regnum
709 2261 788 2304 cum
803 2243 917 2324 patria
932 2243 1062 2324 rapinis
1080 2260 1285 2323 pauperum,

329 2338 484 2402 caedibus
504 2339 692 2415 bominum,
711 2339 956 2404 violationibus
973 2340 1195 2404 ecclesiarum
1211 2359 1286 2403 cru-

328 2436 477 2502 deliter.¹
496 2484 616 2503 .....

172 2554 305 2594 nnana
374 2535 537 2599 Conrado
558 2536 762 2617 imperatori
785 2539 955 2602 successit
981 2537 1188 2601 Fredericus
1220 2537 1285 2599 im·

163 2620 307 2719 ξῗιῗξῗῃζξω,
327 2641 478 2716 perator.

161 2719 257 2824 idm
380 2731 602 2795 Celebratum
632 2740 686 2796 est
713 2733 902 2797 divortium
927 2734 1018 2797 inter
1047 2733 1286 2809 Lodotvicum,

162 2834 295 2931 ffigffist
329 2849 447 2911 regem
475 2830 703 2905 Francorum,
731 2840 768 2895 et
802 2832 959 2913 reginam
989 2830 1144 2906 Alienon
1176 2830 1285 2894 filiam

163 2932 308 3022 gpgffggggr
328 2927 498 2992 Willelmi
525 2929 623 2992 ducis
648 2930 864 3011 Aquitaniae,
890 2931 933 2993 de
962 2949 1033 3011 qua
1058 2930 1134 3012 jam
1167 2949 1284 2994 susce·

164 3047 211 3134 5123
217 3047 297 3134 ‘dm'
328 3033 428 3107 perat
452 3025 540 3088 duas
560 3027 660 3089 filias.
715 3027 828 3091 Istam
843 3027 990 3092 Alienor
1010 3028 1170 3092 traduxit
1186 3027 1286 3091 Hen-

165 3146 248 3232 ἓξὲξ,
258 3145 315 3183 uuio
328 3125 432 3200 ricus,
449 3124 522 3186 dux
540 3124 780 3201 Normanniae,
796 3134 925 3190 etcum
942 3145 983 3189 ea
992 3129 1127 3208 accepit
1141 3127 1285 3190 comita-

165 3245 300 3331 ffiffissd
329 3228 403 3284 tum
419 3222 635 3302 Aquitaniae.
665 3224 798 3287 Beatus
818 3225 1027 3300 Bernardus,
1044 3226 1151 3288 abbas
1170 3220 1289 3288 Clare'

165 3343 198 3380 a.
330 3321 509 3396 vallensis,
526 3322 611 3384 obiit
627 3338 710 3385 xm.
730 3321 801 3386 kal.
819 3322 1031 3403 Septembris
1048 3323 1106 3402 [20
1124 3322 1248 3402 Aug.].

178 3437 307 3476 nonna.
382 3418 607 3495 Benedictus,
642 3421 737 3501 prior
761 3420 1034 3495 Cantuariensis,
1061 3421 1095 3482 in
1125 3421 1286 3483 abbatem

166 3503 316 3600 ssssffiss‘c'ffl.
331 3515 597 3595 Burgonensem
630 3519 829 3598 postulatus
862 3526 926 3582 est.
989 3516 1166 3581 Adrianus
1195 3536 1290 3600 papa

166 3603 300 3689 ffiffltm,
331 3618 470 3675 creatus
487 3622 552 3676 est.

164 3700 187 3736 ot
197 3701 291 3739 Peterbo-

166 3750 240 3798 rongtt.

367 3883 373 3911 ¹
392 3887 463 3934 Here
487 3886 530 3935 the
553 3887 595 3935 old
618 3889 719 3949 printed
741 3893 797 3937 text
823 3893 888 3937 1152
899 3889 1008 3938 consiste
1019 3889 1049 3938 οἰ
1061 3906 1076 3938 a
1087 3891 1170 3940 literal
1185 3907 1250 3954 copy
1262 3894 1292 3942 oi

329 3957 476 4003 terminatas
511 3957 640 4018 abruptlv.
685 3958 716 4006 In
741 3959 795 4007 CC.
824 3957 955 4019 Henryot
965 3959 1142 4021 Huutingdon.

329 4022 371 4070 the
391 4029 445 4072 text
460 4024 524 4072 from
542 4040 565 4074 r.
577 4039 603 4076 o.
616 4030 679 4074 1141
697 4033 721 4074 to
739 4040 795 4076 no.
