3074 4508
340 315 384 378 98
591 331 839 380 courrunnrro
864 331 1038 379 cnuourcr

341 487 479 565 lelrnuS,
489 489 621 553 decimo
632 489 754 571 quinto
767 488 1021 571 patriarchatus
1033 489 1197 562 solenne,
1209 491 1292 550 xn0.

342 587 414 652 kal.
443 589 686 652 Decembrium
715 590 771 652 die
806 589 865 671 [520
895 586 1019 674 Nov.],
1049 586 1141 668 apud
1174 585 1294 648 villam

342 706 443 749 suam
472 687 646 768 quandam
673 687 867 763 defunctus,
893 686 1100 751 Cantwariae
1118 684 1294 764 sepelitur.

178 796 313 836 who-brot
343 784 411 848 Vir
426 804 564 866 magnae
587 785 789 867 prudentiae,
804 785 921 861 Wido,
937 784 1157 849 Persorensis
1173 783 1295 855 abbas,

177 846 202 885 ol
210 847 319 890 Panhore,

178 895 332 984 :maret
344 882 444 944 nonis
461 882 612 962 Augusti
632 880 669 965 [5
680 881 793 969 Aug]
810 882 917 947 obiit.¹
961 883 1104 963 Magnae
1121 878 1296 961 religionis

178 995 275 1044 smn.
345 985 381 1042 et
410 978 585 1041 castitatis
611 981 665 1042 vir
689 981 909 1055 Benedictus,
932 977 1295 1044 Theodekesbiriensis

345 1076 503 1141 ecclesioe
520 1077 640 1151 abbas,
655 1077 769 1140 idibus
786 1077 906 1140 Martii
924 1075 984 1161 [15
999 1074 1109 1162 Man]
1127 1076 1223 1139 obiit.

448 1215 600 1294 Exemplis
614 1216 725 1276 mundo
738 1216 788 1274 det
802 1217 937 1275 Summus
951 1217 1047 1274 vivere
1061 1219 1196 1274 summo.²

189 1383 251 1423 M>-
263 1385 319 1423 ¹¹³⁷·
398 1377 479 1441 Rex
494 1377 688 1458 Anglorum
706 1377 915 1458 Stephanus,
930 1393 1048 1438 mense
1060 1372 1202 1446 Martie,
1215 1380 1296 1436 ante

180 1447 239 1584 llll
247 1449 297 1544 {iii
348 1476 498 1551 Pascha,
511 1477 603 1558 quod
618 1483 750 1539 erat1V.
762 1476 840 1538 idus
856 1475 986 1557 Aprilis
1002 1475 1060 1555 [10
1073 1473 1190 1554 Apr.],
1202 1490 1298 1534 mare

181 1547 267 1584 ΗΜ
346 1577 532 1650 transiens,
572 1576 606 1636 in
647 1575 887 1637 transmarinis
932 1574 1090 1654 partibus
1129 1579 1296 1634 moratur.

182 1671 321 1761 Qvfflgsm·
348 1671 430 1734 Rex
456 1671 582 1734 Waliae
606 1670 783 1746 GriffinuS,
806 1672 898 1733 filius
925 1671 1009 1745 Res,
1033 1670 1113 1732 dolo
1137 1667 1297 1750 conjugis

181 1771 253 1809 Μ·
346 1787 421 1831 suae
444 1769 710 1843 circumventus,
723 1768 935 1848 defungitur.
981 1767 1164 1830 Walenses
1182 1767 1218 1827 in
1236 1765 1297 1827 de·

181 1869 306 1958 mitia
346 1865 504 1929 sensione
529 1885 601 1929 suae
629 1866 758 1929 nativae
784 1875 897 1943 terrae,
923 1884 992 1928 non
1018 1864 1131 1929 solnm
1158 1883 1180 1926 a
1206 1862 1298 1927 Nor·

182 1967 262 2056 Ἤ
347 1965 517 2028 mannicis
542 1964 718 2040 divitibus,
745 1965 807 2027 sed
835 1965 939 2028 etiam
962 1983 984 2026 a
1005 1959 1298 2028 Flandrensibns³

347 2062 461 2126 multa
484 2063 649 2145 perpessi,
666 2063 824 2143 pluribus
842 2063 1003 2143 utrinque
1020 2063 1220 2143 peremptis,
1231 2060 1297 2133 ,de-

347 2161 452 2223 victis
489 2168 606 2223 tamen
642 2161 687 2222 ad
719 2160 882 2222 ultimum
915 2158 1200 2233 Flandrensibns,
1228 2176 1299 2218 non

346 2265 487 2320 cessant
508 2259 545 2320 in
566 2257 713 2320 circuitu
735 2257 853 2320 omnia
876 2263 1025 2332 vastare,
1048 2254 1150 2319 villas
1175 2274 1217 2318 ac
1239 2273 1299 2318 ca-

347 2355 452 2419 stella
466 2356 635 2419 vastando
646 2356 861 2430 comburere,
875 2374 992 2419 omnes
1003 2355 1204 2418 resistentes
1218 2352 1299 2429 sibi,

347 2454 452 2516 simul
473 2473 552 2517 cum
574 2454 816 2517 innocentibus
840 2461 876 2516 et
890 2453 1107 2528 nocentibus,
1123 2452 1200 2515 neci
1225 2458 1300 2513 tra·,

347 2551 449 2630 dere;
472 2552 564 2616 inter
586 2571 674 2633 qnos
703 2570 793 2614 unns
817 2552 926 2626 miles,
952 2551 1118 2631 Paganus
1149 2539 1299 2625 nomine,

348 2648 413 2724 vir,
445 2657 486 2713 ut
515 2650 641 2726 ferunt,
671 2650 887 2713 strenuitatis
916 2668 1065 2730 magnae,
1096 2649 1176 2711 dum
1208 2666 1299 2728 prae-

347 2745 471 2809 dantes
486 2747 669 2811 Walenses
685 2766 809 2828 capere
826 2748 932 2811 vellet
945 2754 982 2810 et
999 2747 1167 2821 occidere,
1182 2745 1298 2825 capite

347 2845 546 2925 perforatus
570 2846 694 2909 lancea
718 2846 903 2924 occubuit;
927 2845 1027 2928 cujus
1055 2863 1181 2926 corpus
1209 2841 1297 2907 Gla·

347 2961 470 3005 ornam
497 2942 662 3019 delatum,
692 2945 729 3006 in
756 2943 909 3025 capitulo
939 2943 1085 3006 fratrum
1117 2940 1297 3023 sepelitur.

183 3042 250 3089 Μ’
350 3040 454 3103 Feria
477 3058 538 3117 vn,
554 3042 590 3103 in
614 3042 830 3105 hebdomada
858 3041 1096 3117 Pentecostes,
1117 3059 1195 3121 qnae
1222 3046 1300 3103 erat

183 3092 308 3137 ltocbester,

184 3141 301 3187 Belum
349 3154 400 3201 v1.
418 3139 464 3200 id.
483 3140 507 3203 J
510 3140 581 3201 unii
600 3139 638 3220 [8
654 3138 678 3201 J
683 3139 770 3218 un.],
786 3139 945 3202 Eboraca
960 3139 1090 3202 civitas·
1104 3158 1183 3201 cum
1204 3137 1300 3218 prin·
1351 3139 1355 3148 '

182 3191 288 3229 Lcicester

182 3240 294 3337 25⁸3}th
348 3237 455 3317 cipali
487 3238 696 3301 monasterio
727 3237 955 3317 conflagravit
987 3237 1156 3300 incendio.
1217 3234 1300 3299 Non

347 3333 409 3397 diu
424 3343 506 3415 post
524 3334 707 3398 Hrofensis
722 3335 848 3398 civitas
865 3335 944 3417 igne
959 3342 1144 3398 crematur.
1197 3333 1301 3395 Feria

349 3448 396 3506 v.,
419 3441 544 3513 quarto
567 3433 639 3496 kal.
655 3433 810 3513 Augusti
836 3433 895 3514 [29
921 3433 1024 3512 Jul.],
1052 3430 1299 3494 Bathoniensis

346 3528 522 3604 ecclesia,⁴
538 3540 572 3594 et
586 3532 708 3595 eodem
726 3550 844 3593 mense
860 3529 1011 3611 Augusti
1027 3530 1151 3593 civitas
1166 3528 1300 3608 Leoge·

381 3756 388 3786 ¹
417 3758 513 3822 Obiit]
546 3759 587 3808 De
615 3760 809 3808 Wincelcumba
868 3756 1108 3822 'Florali-ensibus]
1125 3759 1302 3819 Jnssuquon·

346 3827 517 3877 Godesridus.
546 3828 617 3877 Edit.
627 3831 685 3877 add.
721 3830 754 3877 In
779 3831 807 3878 C.
833 3829 1090 3890 damregisHenrici
1104 3835 1196 3877 terrum
1208 3828 1301 3875 Waliae

343 3896 386 3944 the
398 3897 473 3944 dates
486 3898 545 3946 here
557 3913 599 3946 are
612 3898 725 3946 omitted.
832 3898 1012 3947 incolentibus.
1032 3899 1102 3946 Edit.
1114 3899 1171 3946 add.

378 3962 389 3992 ²
410 3967 537 4027 Esemptis
550 4000 556 4013 .
570 4001 576 4014 .
590 3967 719 4028 ..sumtno.]
739 3966 809 4015 Edit.
868 3964 878 3995 ⁴
899 3965 1029 4027 Ecclesia]
1047 3966 1112 4015 Cum
1124 3970 1177 4013 tota
1188 3963 1301 4011 civitate.

342 4035 399 4079 add.
413 4035 443 4080 C.
456 4035 525 4080 aruit.
838 4035 905 4082 Edit.
917 4036 972 4081 add.
