3074 4508
372 307 436 368 122
623 322 872 370 conrrnuarro
896 325 1089 382 ceraorucr

372 477 633 542 archidiaconus
657 479 786 556 extitit,
810 481 870 561 qui
892 480 957 544 hoc
976 480 1210 563 juramentum
1234 476 1317 541 mibi

371 577 484 642 lacere
498 579 669 643 inhibuit.’
707 578 763 643 Ad
783 579 856 643 haec
872 579 935 656 illi,
951 579 1077 657 ‘Quod
1093 597 1156 641 nos
1175 578 1318 658 egimus,

372 695 478 740 causa
500 679 644 741 rationis
669 679 779 759 exigit
800 687 839 742 ut
855 678 964 761 agas?
1013 677 1063 741 At
1083 676 1154 751 ille,
1172 675 1229 741 ‘Si
1241 694 1317 750 vos,

372 794 506 855 magnac
529 776 746 840 auctoritatis
764 778 842 853 viri,
864 778 930 842 hoc
952 778 1086 858 egistis,
1107 775 1203 850 nulla
1221 791 1318 837 mora

371 871 417 935 sit
440 873 524 935 mihi
545 873 581 937 id
605 873 696 937 idem
720 875 891 939 faciendi!
943 876 1047 940 Jurat
1069 882 1104 939 et
1125 873 1185 938 ille
1207 870 1316 935 fideli·

207 982 303 1031 stanen
372 975 480 1031 tatem
511 971 596 1050 regi.
665 973 720 1035 De
753 973 925 1054 Wigorna
955 993 1018 1037 rex
1051 970 1315 1036 Oxenefordiam

208 1033 327 1121 lilim..
371 1066 469 1143 adiit,
495 1067 643 1149 indeque
668 1088 746 1132 cum
777 1071 874 1133 curia
906 1072 1164 1152 Saeresbyriam,
1191 1068 1316 1132 ibidem

205 1133 324 1171 ΝΜ
372 1165 591 1229 Dominicam
629 1164 858 1231 Nativitatem
899 1168 1145 1243 celebraturus,
1183 1174 1218 1230 et
1251 1185 1316 1248 pro

370 1284 466 1328 more
495 1267 594 1347 regio
625 1285 787 1329 coronam
818 1267 998 1348 dignitatis
1026 1275 1247 1349 portaturns;
1270 1265 1314 1327 ad

370 1383 472 1445 quem
487 1365 643 1428 canonici
660 1366 847 1441 venientes,
864 1366 1064 1431 obtulerunt
1079 1365 1110 1428 ei
1126 1365 1194 1427 duo
1208 1362 1315 1426 millia

369 1462 555 1542 librarum
579 1465 704 1546 quibus
719 1464 778 1528 ille
799 1465 893 1529 dedit
910 1485 1044 1529 omnem
1060 1464 1251 1528 libertatem
1271 1462 1314 1525 de

369 1563 527 1625 omnibus
542 1563 653 1643 geldis
668 1582 809 1625 suarum
825 1565 1161 1645 te1·ra1um,insuper
1175 1562 1218 1625 ad
1232 1580 1314 1625 usus

368 1658 504 1720 illorum
532 1677 601 1722 xx.
619 1680 765 1736 marcas,
790 1669 825 1724 et
843 1678 905 1724 xl..
922 1663 966 1724 ad
981 1660 1240 1743 cooperiendam
1261 1679 1315 1722 ec·

368 1755 529 1833 clesiam3
558 1765 604 1831 et,
619 1759 649 1819 si
671 1776 791 1837 pacem
814 1759 1014 1834 obtinuerit,
1037 1759 1129 1840 quod
1153 1757 1316 1820 dederant

369 1852 413 1927 ei,
430 1872 468 1915 se
484 1855 534 1917 eis
551 1856 751 1918 restiturum
767 1856 964 1938 spopondit.

214 1967 241 2005 A·
249 1965 275 2005 1>-
288 1967 344 2007 ¹¹⁴⁰·
419 1951 579 2016 Emensis
601 1955 721 2034 paucis
738 1954 858 2017 diebus
883 1952 1073 2018 Dominicae
1098 1952 1315 2026 Natiuitatis,

205 2030 300 2126 {2223
368 2069 432 2112 rex
453 2070 532 2114 cum
554 2053 651 2115 curia
673 2051 881 2132 Raedingum
902 2054 1008 2129 venit,
1026 2053 1086 2116 ubi
1108 2058 1224 2116 monet
1237 2070 1313 2114 sors

207 2129 313 2179 Μ’·
368 2147 519 2211 hnmana
553 2150 674 2230 quanti
703 2150 883 2231 pendenda
915 2152 962 2213 sit
993 2169 1113 2230 regum
1147 2167 1312 2230 purpura.

369 2245 424 2307 lbi
445 2247 590 2309 consilio
614 2264 754 2308 suorum
777 2247 865 2309 duas
881 2247 1050 2322 abbatias,
1071 2246 1312 2329 Malmesbyri-

368 2361 483 2405 ensem
510 2352 546 2407 et
569 2342 937 2426 Abbedesbyriensem,
961 2364 1048 2427 quas
1074 2346 1156 2408 dum
1183 2344 1313 2408 vireret

314 2525 321 2531 ¹
369 2441 544 2522 Rogerius
566 2442 750 2524 episcopus
772 2441 902 2507 honore
924 2445 1092 2524 privataS,
1107 2452 1143 2507 et
1159 2461 1223 2506 suo
1239 2441 1313 2524 juri

369 2541 509 2603 tenebat
530 2540 678 2616 deditas,
702 2542 851 2622 propriis
874 2542 1072 2623 pastoribus
1096 2538 1312 2619 investivit;¹

366 2656 449 2700 vero
463 2639 602 2720 quidem
618 2658 753 2719 magnae
764 2640 948 2720 probitatis
964 2640 988 2703 J
990 2639 1118 2703 ohanni
1131 2638 1313 2702 coenobitae

367 2735 723 2818 Malmesbyriensem‚
743 2737 845 2800 alteri
862 2757 957 2814 vero,
980 2737 1144 2802 Gosfrido
1166 2737 1314 2812 nomine,

365 2832 719 2916 Abbedesbyriensem
754 2835 849 2899 dedit
880 2836 1075 2910 abbatiam
1100 2844 1137 2899 et
1165 2842 1206 2898 nt
1233 2834 1313 2915 paci

365 2932 593 3009 satisfaceret,
609 2934 653 2996 ad
675 2933 865 2997 sedandum
887 2934 1035 2997 militare
1055 2933 1233 3014 negotium
1253 2922 1313 3013 pe-

365 3030 467 3106 nitus,
479 3031 635 3112 inquam,
646 3032 760 3106 inane,
773 3031 817 3095 ad
831 3030 916 3095 Heli
927 3033 1035 3096 movit
1047 3030 1313 3114 expeditionem,

365 3129 544 3207 negotium
572 3149 654 3193 sane
679 3130 940 3211 deplorandum,
967 3130 1058 3211 quod
1085 3130 1128 3192 ad
1155 3128 1311 3192 militiam

365 3244 462 3288 suam
495 3228 530 3289 in
562 3227 806 3291 satisfaciendo
831 3247 930 3291 vanae
964 3228 1084 3308 gloriae
1117 3227 1312 3308 frequentat

364 3324 512 3387 militum
547 3326 687 3405 grandis
720 3327 930 3406 arrogantia.
993 3324 1200 3399 Condicunt,
1229 3343 1310 3409 conj

363 3420 465 3484 dictis
489 3425 696 3498 assentiunt,
714 3425 819 3485 armis
844 3443 881 3486 se
901 3423 1032 3485 bellicis
1057 3423 1244 3496 instruunt,
1262 3421 1311 3482 vi-

363 3529 438 3581 ctor
455 3521 538 3584 victi
553 3522 667 3583 omnia
690 3541 735 3583 ex
758 3521 915 3583 avaritiae
932 3520 1138 3582 detestando
1154 3518 1310 3581 condicto

361 3619 516 3696 possidet
529 3639 538 3697 ;
558 3627 604 3693 et,
614 3627 653 3682 ut
668 3620 718 3683 ita
732 3619 858 3692 dicam,
874 3617 1168 3698 comparationem
1183 3616 1310 3679 iaciens

395 3839 822 3902 ¹lavenicia]blalrnesbiriensem
848 3841 940 3902 Aug.],
961 3845 1038 3889 morte
1059 3844 1200 3900 praerepto3
1225 3839 1312 3887 Abne-

359 3911 489 3972 largiendo
506 3910 621 3970 ejusdem
639 3911 754 3958 ecclesiae
770 3923 823 3957 coe-
847 3910 1029 3958 desbiriensenr
1051 3923 1111 3957 vero
1138 3908 1238 3957 cuidam
1260 3921 1312 3954 mo·

358 3981 460 4039 nobitae,
483 3979 595 4028 Johanni
621 3980 753 4038 vocabulo,
776 3979 820 4026 sed
847 3979 928 4026 nacho
949 3979 982 4027 de
1005 3978 1032 4026 S.
1056 3977 1190 4037 Floscello,
1211 3977 1311 4023 nornine

358 4049 445 4096 codem
462 4061 600 4108 anno,xw.
617 4048 670 4096 kal.
686 4049 756 4108 Sept.
777 4047 822 4108 [19
848 4048 974 4098 Gallridc.
1011 4047 1194 4096 luderes...
1231 4043 1300 4092 Edit.
