3074 4508
319 372 386 437 264
572 387 818 436 courmunrro
843 386 1017 435 ennomet

165 565 298 604 monna
372 547 405 611 A
431 548 552 630 vigilia
574 548 714 612 Natalis
742 566 853 629 usque
880 546 924 608 ad
950 545 1039 609 diem
1067 543 1101 607 S.
1119 542 1281 608 Silvestri

156 631 268 720 iffi,
322 643 381 731 [31
399 646 518 732 Dec.],
546 649 730 728 utrobique
755 654 838 710 tuuc
868 645 1059 720 exclusive,
1091 643 1155 720 sol,
1183 643 1279 721 iuno,

320 745 477 809 stellaeve
493 764 562 806 non
580 753 858 826 comparuerunt,
880 744 955 821 nix,
972 741 1119 824 grando,
1136 741 1280 824 glacies,

319 843 453 925 pluvia,
486 850 656 906 ventusve
692 862 760 905 non
799 843 1004 918 extiterunt,
1038 840 1122 922 quin
1160 840 1280 922 potius

320 939 475 1026 (utinam
504 940 594 1003 felici
618 936 790 1024 auspicio)
817 941 929 1004 omnia
959 940 1089 1022 pariter
1109 939 1280 1003 elementa

321 1038 472 1121 quodam
501 1039 599 1102 letali
628 1039 742 1121 sopita
766 1038 907 1101 vinculo
940 1038 1158 1120 quieverunt.
1203 1037 1279 1101 Do·

320 1139 434 1201 minus
454 1157 517 1201 rex
539 1139 632 1220 apud
648 1138 1007 1213 westmonasterium,
1033 1144 1068 1200 et
1085 1135 1278 1212 Gilbertus,

320 1256 438 1301 comes
457 1234 666 1313 Gloverniae,
690 1257 768 1300 curn
789 1236 964 1298 comitissa
989 1254 1064 1310 sua,
1088 1235 1180 1317 regis
1202 1234 1278 1296 An·

322 1334 403 1417 gliae
420 1335 504 1411 filia,
521 1335 613 1417 apud
633 1335 750 1411 Clare,
770 1333 901 1398 Natale
919 1334 1061 1397 Domini
1076 1331 1278 1396 solemniter

159 1449 279 1487 Grantora
322 1435 594 1498 celebraverunt.
648 1435 817 1498 Dominus
839 1453 930 1516 papa
954 1432 1091 1496 domino
1112 1432 1185 1512 regi
1203 1430 1277 1495 An-

158 1500 220 1536 tentb
230 1500 254 1536 os
260 1509 292 1536 ec·

158 1547 285 1636 22⁸3}ssss
322 1533 403 1613 glise
436 1535 605 1597 decimam
633 1534 786 1596 omnium
812 1542 1041 1614 proventuum
1069 1531 1279 1595 ecclesiasti·

322 1650 454 1706 corum,
489 1634 639 1694 omnium
676 1635 779 1693 etiam
812 1633 980 1693 bonorum
1014 1631 1165 1693 virorum
1198 1630 1279 1692 reii-

322 1729 497 1808 giosorum
533 1747 828 1811 quorumcunque,
872 1728 1121 1807 Hospitalariis
1161 1737 1278 1790 tamen

322 1825 429 1888 etiam
445 1826 655 1907 Templariis
679 1826 847 1908 exceptis,
864 1844 926 1907 per
941 1842 990 1887 vr.
1012 1844 1121 1888 annos
1143 1826 1178 1888 in
1193 1826 1276 1888 sub-

158 1940 304 2030 ffiqolrpepp
322 1924 447 1987 sidium
486 1926 632 1988 contulit
666 1931 767 1987 terrae
808 1923 1150 2005 Hierosolymitanae.
1201 1924 1277 1987 Do·

321 2042 437 2086 mrnus
455 2042 548 2106 papa
570 2030 695 2105 quarto
720 2024 776 2087 die
799 2022 927 2085 mensis
943 2022 1088 2104 Aprilis,
1112 2023 1168 2085 die
1184 2023 1278 2086 vide-

322 2122 405 2186 licet
422 2123 643 2200 Parascevae,
662 2121 785 2185 Romae
801 2122 837 2184 in
854 2122 928 2184 fata
942 2116 1103 2198 decessit,
1120 2121 1277 2185 vacavit·

323 2237 391 2300 que
408 2221 520 2283 sedes.

158 2331 311 2422 fflimii‘nd
348 2317 549 2381 ·Dominus
578 2337 655 2392 rex,
686 2317 806 2397 vigilia
839 2315 1095 2379 Translationis
1125 2315 1161 2379 S.
1184 2315 1278 2380 Ead-

158 2392 310 2521 ffiqust.
323 2416 443 2478 mundi
467 2416 527 2498 [28
549 2415 666 2498 Apr.],
688 2415 827 2479 veniens
854 2415 946 2497 apud
972 2414 1008 2478 S.
1024 2414 1279 2493 Eadmundum,

279 2508 286 2529 '
322 2532 400 2576 cum
416 2514 488 2577 filio
505 2534 569 2577 suo
588 2523 622 2578 et
642 2514 792 2590 filiabus,
808 2514 935 2578 festum
960 2533 1039 2577 cum
1061 2513 1153 2577 omni
1176 2513 1280 2577 solle-

322 2613 471 2676 mnitate
493 2613 703 2691 celebravit3
726 2613 877 2693 fecitque
898 2631 1031 2674 moram
1049 2619 1122 2675 tum
1139 2612 1278 2689 ibidem,

324 2720 399 2772 tum
423 2712 514 2793 apud
533 2711 709 2787 Culeford,
731 2712 921 2773 manerium
943 2710 1092 2788 abbatis,
1109 2731 1131 2773 a
1149 2706 1279 2775 Sancto

324 2807 534 2873 Eadmuudo
556 2828 619 2891 per
641 2811 709 2873 tria
727 2809 859 2872 distans
885 2808 1045 2884 miliaria,
1062 2828 1125 2890 per
1144 2825 1183 2872 x.
1205 2808 1279 2873 fere

159 2922 268 3012 affiat-
316 2906 397 2969 dies
432 2909 639 2987 continuos3
677 2909 840 2987 ultraque
872 2906 1074 2989 procedens,
1097 2907 1278 2990 Walsing-

159 2984 208 3022 '⁸
238 2983 268 3011 ω’
323 3004 404 3067 ham
435 3006 594 3081 tetendit,
627 3025 745 3070 versus
775 3005 928 3068 Scotiam
963 3005 1030 3068 iter
1062 3024 1163 3068 suum
1197 3005 1281 3069 diri·

153 3121 260 3208 Ἕω
323 3123 419 3184 gens.
474 3104 518 3167 In
552 3123 690 3167 recessu
718 3104 887 3185 siquidem
920 3123 983 3166 suo
1015 3111 1147 3166 cartam
1179 3106 1280 3168 nobis

150 3174 309 3261 isitii?
322 3201 430 3279 dedit,
459 3222 501 3266 ue
525 3203 566 3266 de
593 3212 731 3278 caetero,
761 3209 935 3285 praetextu
961 3202 1107 3284 alicujus
1133 3222 1279 3285 usurpa-

324 3300 429 3362 tionis
455 3303 652 3382 praeteritae,
683 3302 808 3382 aliquis
829 3301 1097 3382 justitiariorum
1126 3320 1280 3380 suorum,

324 3399 506 3462 occasione
530 3400 661 3480 aliqua,
690 3400 779 3462 infra
808 3400 1010 3463 benleucam
1042 3398 1078 3462 S.
1105 3400 1279 3463 Edmuudi

159 3513 284 3600 {ptumi
319 3496 443 3559 sedere
466 3506 665 3578 praesumat.
712 3497 838 3573 Resus,
872 3498 963 3559 filius
989 3497 1179 3573 Mereduci,
1205 3500 1281 3579 qui-

160 3573 275 3652 iiiiii.
324 3593 404 3656 dam
422 3596 513 3657 iuter
527 3595 724 3658 Wallensos
739 3603 947 3677 praepotens,
965 3614 1142 3658 nemorum
1160 3597 1281 3677 opacis

320 3711 361 3754 se
385 3694 617 3768 committens,
643 3694 913 3775 seditionemque
936 3701 1059 3757 contra
1086 3695 1178 3775 regis
1203 3693 1281 3758 An·

317 3791 405 3871 glise
421 3810 542 3873 pacem
566 3794 736 3867 excitans,
754 3793 1036 3873 praedationibus,
1053 3793 1157 3855 etiam
1173 3793 1281 3857 latro·

323 3891 423 3952 ciniis
454 3900 561 3973 atque
593 3891 785 3954 homicidiis
816 3892 992 3967 insistens,
1023 3910 1086 3971 per
1113 3893 1280 3973 quosdam

158 4004 287 4044 situan-
314 3985 415 4069 'regis
434 3990 625 4070 supradicti
642 3990 759 4053 fideles
781 3999 905 4071 captus
923 3998 998 4053 est:
1024 3991 1082 4070 qui
1103 3990 1147 4053 ad
1164 4009 1281 4071 regem

158 4058 211 4095 Μ’
322 4106 385 4165 per
404 4088 551 4150 medium
572 4087 709 4168 Angliae
726 4089 768 4150 ad
793 4088 986 4151 Eboracum
1004 4088 1203 4169 perductus,
1219 4107 1282 4169 per
