3074 4508
439 368 627 416 ruonuurrr
654 369 933 418 wrconrunnsrs
1089 354 1155 418 263

207 539 270 586 xu.
300 541 438 604 grossos
478 531 513 587 et
545 523 667 605 longos
703 525 864 606 colpones
903 524 946 586 de
982 523 1155 588 dominica

207 622 353 684 candela
384 623 487 704 regis,
517 629 551 685 et
583 640 631 686 rv.
662 623 784 704 viginti
818 623 979 704 colponos
1010 623 1052 686 de
1086 624 1156 688 alia

208 721 353 783 candela
381 706 603 802 eripensabili.
655 722 702 785 Et
729 741 807 784 cum
835 723 909 803 ipse
940 723 975 784 iu
1006 722 1154 803 patriam

208 839 308 882 suam
334 820 445 883 redire
471 821 627 896 voluerit,
643 822 853 884 conducetur
881 839 943 902 per
972 820 1154 901 episcopos

210 926 245 980 et
261 919 478 982 vicecomites
497 920 539 981 de
557 920 721 983 comitatu
746 921 782 982 in
805 919 1019 994 comitatum,
1044 918 1154 982 donec

208 1017 403 1097 pervenerit
437 1017 480 1079 ad
513 1037 637 1099 aquam
667 1019 710 1082 de
747 1017 898 1090 Twede3
948 1024 984 1080 et
1014 1017 1155 1080 habebit

208 1116 368 1178 similiter
394 1115 527 1192 cotidie,
555 1124 690 1180 centum
716 1117 780 1180 sol.
809 1116 852 1178 de
879 1114 1084 1179 liberatione
1112 1116 1154 1179 de

208 1214 314 1276 bursa
330 1216 420 1295 regis
435 1213 596 1296 Angliae.¹
648 1215 737 1279 Haec
755 1216 809 1278 hic
829 1215 959 1278 inserta
981 1225 1064 1277 sunt
1087 1234 1155 1277 non

209 1314 291 1393 quia
320 1313 355 1376 iu
387 1315 453 1377 isto
478 1332 565 1377 anno
594 1316 708 1378 omnia
731 1315 963 1394 contigerunt,
989 1313 1049 1376 sed
1073 1312 1156 1396 quia

208 1421 411 1494 consumpto
424 1413 498 1495 jam
515 1414 639 1476 semine
655 1413 803 1477 naturali
825 1433 943 1494 regum
965 1412 1103 1487 Scotiae,
1120 1420 1156 1475 et

209 1509 339 1573 Scottis
363 1510 422 1592 jus
447 1511 699 1574 haereditarium
725 1512 790 1573 sibi
821 1511 1090 1585 vindicantibus,
1121 1518 1156 1573 et

208 1609 384 1671 dominum
401 1629 514 1690 regem
532 1609 681 1690 Angliae,
698 1611 752 1673 cui
769 1629 966 1690 supremum
986 1609 1045 1690 jus
1062 1628 1155 1672 com·

208 1708 296 1789 petit
321 1708 413 1771 illius
436 1709 543 1790 regni,
561 1708 711 1772 totaliter
735 1709 918 1772 excludere
937 1708 1154 1782 conantibus,

209 1807 244 1868 iu
275 1807 443 1870 chronicis
477 1808 705 1888 antiquorum,
742 1816 804 1889 per*
843 1807 998 1869 diversas
1036 1815 1154 1886 partes

209 1904 361 1984 Angliae,
384 1905 655 1985 requirebantur,
681 1914 716 1968 et
738 1904 862 1966 ibidem
890 1904 926 1965 in
955 1905 1154 1966 memoriam

208 2003 403 2066 futurorum
429 2021 541 2065 coram
569 2004 699 2066 cunctis
726 2002 923 2083 proceribus
952 2009 986 2065 et
1015 2002 1154 2065 ecclesi·

210 2119 307 2163 arum
323 2101 475 2181 praelatis
494 2103 560 2165 isto
576 2120 665 2165 anno
680 2101 925 2164 recitabantur.

231 2246 235 2253 .
260 2199 467 2281 Rodulphus
488 2197 711 2272 Alemanniae,
734 2206 769 2263 et
791 2200 918 2262 Petrus
945 2198 1153 2280 Arragoniae
1167 2218 1322 2268 rrumpere

209 2316 309 2379 reges
331 2301 451 2361 mortis
473 2298 581 2360 fatum
603 2299 739 2381 experti
760 2307 853 2362 sunt.
905 2298 1092 2361 Submerso
1118 2298 1153 2361 in
1168 2269 1303 2367 illibi}

206 2397 296 2480 *mari
314 2396 512 2477 patriarcha
527 2397 845 2480 Hierosolymitano,
862 2396 1048 2473 Nicholao,
1067 2416 1153 2458 uon·
1167 2368 1323 2514 Ξὲλοξᾚέιω

210 2494 314 2556 nullis
343 2493 545 2558 Christianis
570 2495 653 2575 suga
675 2496 812 2577 elapsis,
846 2495 1020 2577 plerisque
1049 2495 1321 2556 etiamnosmam.
1382 2490 1386 2496 '

210 2591 327 2672 gladio
365 2593 553 2670 trucidatis,
587 2593 709 2656 civitas
741 2592 934 2657 Acouensis
961 2613 1040 2657 cum
1073 2612 1154 2656 con·

209 2692 328 2760 tentisv
347 2709 369 2753 a
393 2691 543 2774 soldano
578 2692 778 2774 Babyloniae
814 2692 959 2775 ejusque
998 2692 1155 2754 exercitu

208 2791 367 2869 paganis
387 2798 491 2871 capta
513 2797 548 2854 et
572 2789 726 2854 funditus
750 2797 803 2854 est
820 2810 951 2855 eversa.
1004 2790 1060 2853 De
1081 2790 1154 2852 suis

209 2895 290 2950 tunc
321 2889 449 2969 pagani
480 2889 734 2953 multitudinem
764 2889 996 2952 incredibilem
1032 2889 1156 2951 amise-

208 2993 301 3049 runt.
347 2985 471 3049 Petrus
501 2987 716 3063 Exoriensis,
746 2995 782 3050 et
811 2987 1007 3051 Willelmus
1038 2986 1155 3049 Saros·
1168 3002 1317 3052 retem-01

1167 3053 1255 3098 Exoter,
1265 3053 1309 3091 aud

209 3086 374 3148 heriensis
397 3087 547 3167 episcopi
571 3086 653 3149 vitae
681 3086 861 3149 terminum
892 3085 1058 3149 fecerunt.
1111 3083 1154 3147 In
1167 3102 1321 3198 goslffiurg.

210 3183 440 3246 Exoniensem
457 3185 621 3264 magister
631 3184 784 3248 Thomas
802 3185 843 3247 de
856 3184 989 3259 Bitton,
1004 3183 1153 3246 decanus
1165 3202 1323 3297 ggffiffi

208 3281 412 3360 Wellensis;
435 3282 470 3343 in
480 3281 771 3346 Saresberiensem
788 3283 946 3345 dominus
960 3281 995 3344 N
997 3282 1152 3344 icholaus
1165 3299 1272 3387 lv⁰dl²⁰⁰
1280 3300 1324 3338 nna

209 3379 428 3461 Lungspeye,
452 3379 602 3462 ejusdem
624 3383 778 3445 ecclesiae
801 3381 1051 3456 thesaurarius,
1076 3398 1153 3442 suc·
1167 3359 1301 3447 rursiam.

208 3487 395 3542 cesserunt.
455 3479 541 3542 Post
579 3487 723 3543 mortem
760 3480 948 3561 Rodulphi,
986 3477 1154 3541 Aleman-

208 3596 328 3639 norum
346 3578 449 3658 regis,
474 3578 716 3642 dissidentibus
741 3578 960 3650 electoribus
974 3576 998 3640 J
1001 3576 1154 3638 ohannes

209 3676 250 3737 de
276 3675 451 3755 Aveynes,
476 3695 589 3739 comes
614 3677 844 3759 Hagenogiae,
875 3695 896 3738 a
925 3682 1088 3756 quatuor,
1121 3680 1155 3735 et

210 3773 438 3853 Reginaldus,
471 3793 583 3837 comes
609 3775 651 3838 de
676 3776 810 3849 Gelres,
837 3793 858 3836 a
885 3775 995 3836 tribus
1027 3770 1155 3834 electo·

209 3873 314 3947 ribus,
332 3881 414 3935 sunt
432 3873 540 3935 electi.

243 4029 392 4092 ¹Anglioe.]
420 4031 473 4078 The
496 4031 632 4092 preceding
659 4031 793 4080 document
818 4045 906 4092 agrees
933 4029 1025 4078 almost
1047 4028 1159 4088 literally
1185 4022 1189 4027 ’
1261 4074 1264 4084 ,

207 4101 269 4161 with
281 4101 453 4162 Heredem-p.
464 4103 513 4148 tlt)
522 4095 541 4148 δ.
