<?xml version="1.0" encoding="UTF-8"?>
<!DOCTYPE html PUBLIC "-//W3C//DTD XHTML 1.0 Transitional//EN"
    "http://www.w3.org/TR/xhtml1/DTD/xhtml1-transitional.dtd">
<html xmlns="http://www.w3.org/1999/xhtml" xml:lang="en" lang="en">
 <head>
  <title>
</title>
<meta http-equiv="Content-Type" content="text/html;charset=utf-8" />
  <meta name='ocr-system' content='tesseract 3.04.00' />
  <meta name='ocr-capabilities' content='ocr_page ocr_carea ocr_par ocr_line ocrx_word'/>
</head>
<body>
  <div class='ocr_page' id='page_1' title='image "./florentiiwigorn01florgoog_0060.png"; bbox 0 0 3074 4508; ppageno 0'>
   <div class='ocr_carea' id='block_1_1' title="bbox 435 319 1163 385">
    <p class='ocr_par' dir='ltr' id='par_1_1' title="bbox 435 319 1163 385">
     <span class='ocr_line' id='line_1_1' title="bbox 435 319 1163 385; baseline -0.001 -2"><span class='ocrx_word' id='word_1_1' title='bbox 435 337 629 385; x_wconf 78' lang='lat' dir='ltr'><strong>reoneurrr</strong></span> <span class='ocrx_word' id='word_1_2' title='bbox 658 335 941 384; x_wconf 82' lang='lat' dir='ltr'><strong>wreonrunusrs.</strong></span> <span class='ocrx_word' id='word_1_3' title='bbox 1119 319 1163 382; x_wconf 79' lang='lat'><strong>35</strong></span> 
     </span>
    </p>
   </div>
   <div class='ocr_carea' id='block_1_2' title="bbox 208 490 1322 3827">
    <p class='ocr_par' dir='ltr' id='par_1_2' title="bbox 208 490 1322 3629">
     <span class='ocr_line' id='line_1_2' title="bbox 209 490 1161 556; baseline 0.003 -5"><span class='ocrx_word' id='word_1_4' title='bbox 209 490 297 552; x_wconf 91' lang='lat' dir='ltr'><strong>ciam</strong></span> <span class='ocrx_word' id='word_1_5' title='bbox 329 491 440 554; x_wconf 88' lang='lat' dir='ltr'><strong>rediit.</strong></span> <span class='ocrx_word' id='word_1_6' title='bbox 494 492 618 556; x_wconf 87' lang='lat' dir='ltr'><strong>Comes</strong></span> <span class='ocrx_word' id='word_1_7' title='bbox 653 511 736 555; x_wconf 88' lang='lat' dir='ltr'><strong>vcro</strong></span> <span class='ocrx_word' id='word_1_8' title='bbox 761 492 952 556; x_wconf 90' lang='lat' dir='ltr'><strong>Rotbertus</strong></span> <span class='ocrx_word' id='word_1_9' title='bbox 979 491 1161 554; x_wconf 89' lang='lat' dir='ltr'><strong>castellum</strong></span> 
     </span>
     <span class='ocr_line' id='line_1_3' title="bbox 209 589 1161 672; baseline 0.002 -21"><span class='ocrx_word' id='word_1_10' title='bbox 209 590 300 670; x_wconf 93' lang='lat' dir='ltr'><strong>quod</strong></span> <span class='ocrx_word' id='word_1_11' title='bbox 334 589 464 654; x_wconf 91' lang='lat' dir='ltr'><strong>Holm¹</strong></span> <span class='ocrx_word' id='word_1_12' title='bbox 496 601 717 672; x_wconf 87' lang='lat' dir='ltr'><strong>nuncupatur</strong></span> <span class='ocrx_word' id='word_1_13' title='bbox 753 592 899 667; x_wconf 88' lang='lat' dir='ltr'><strong>obsedit,</strong></span> <span class='ocrx_word' id='word_1_14' title='bbox 936 589 1043 654; x_wconf 91' lang='lat' dir='ltr'><strong>donec</strong></span> <span class='ocrx_word' id='word_1_15' title='bbox 1074 590 1161 654; x_wconf 89' lang='lat' dir='ltr'><strong>Wil-</strong></span> 
     </span>
     <span class='ocr_line' id='line_1_4' title="bbox 209 687 1161 773; baseline 0.003 -23"><span class='ocrx_word' id='word_1_16' title='bbox 209 687 330 751; x_wconf 89' lang='lat' dir='ltr'><strong>lelmus</strong></span> <span class='ocrx_word' id='word_1_17' title='bbox 360 688 518 765; x_wconf 85' lang='lat' dir='ltr'><strong>Peverel,</strong></span> <span class='ocrx_word' id='word_1_18' title='bbox 548 698 583 753; x_wconf 89' lang='lat' dir='ltr'><strong>et</strong></span> <span class='ocrx_word' id='word_1_19' title='bbox 612 707 713 754; x_wconf 85' lang='lat' dir='ltr'><strong>uoco.</strong></span> <span class='ocrx_word' id='word_1_20' title='bbox 737 691 904 766; x_wconf 87' lang='lat' dir='ltr'><strong>homines,</strong></span> <span class='ocrx_word' id='word_1_21' title='bbox 945 690 1004 773; x_wconf 92' lang='lat' dir='ltr'><strong>qui</strong></span> <span class='ocrx_word' id='word_1_22' title='bbox 1041 689 1076 753; x_wconf 93' lang='lat' dir='ltr'><strong>id</strong></span> <span class='ocrx_word' id='word_1_23' title='bbox 1102 691 1161 753; x_wconf 88' lang='lat' dir='ltr'><strong>de-</strong></span> 
     </span>
     <span class='ocr_line' id='line_1_5' title="bbox 210 787 1159 869; baseline 0.001 -20"><span class='ocrx_word' id='word_1_24' title='bbox 210 787 407 863; x_wconf 84' lang='lat' dir='ltr'><strong>fendebant,</strong></span> <span class='ocrx_word' id='word_1_25' title='bbox 448 788 498 850; x_wconf 92' lang='lat' dir='ltr'><strong>illi</strong></span> <span class='ocrx_word' id='word_1_26' title='bbox 537 809 575 853; x_wconf 90' lang='lat' dir='ltr'><strong>se</strong></span> <span class='ocrx_word' id='word_1_27' title='bbox 614 790 790 853; x_wconf 86' lang='lat' dir='ltr'><strong>dederent.</strong></span> <span class='ocrx_word' id='word_1_28' title='bbox 845 790 946 866; x_wconf 86' lang='lat' dir='ltr'><strong>Quod</strong></span> <span class='ocrx_word' id='word_1_29' title='bbox 974 808 1051 852; x_wconf 90' lang='lat' dir='ltr'><strong>cum</strong></span> <span class='ocrx_word' id='word_1_30' title='bbox 1084 789 1159 869; x_wconf 84' lang='lat' dir='ltr'><strong>regi</strong></span> 
     </span>
     <span class='ocr_line' id='line_1_6' title="bbox 208 886 1161 968; baseline 0.005 -22"><span class='ocrx_word' id='word_1_31' title='bbox 208 886 409 962; x_wconf 84' lang='lat' dir='ltr'><strong>innotuerit,</strong></span> <span class='ocrx_word' id='word_1_32' title='bbox 428 889 560 951; x_wconf 86' lang='lat' dir='ltr'><strong>nuntiis</strong></span> <span class='ocrx_word' id='word_1_33' title='bbox 586 889 622 951; x_wconf 92' lang='lat' dir='ltr'><strong>in</strong></span> <span class='ocrx_word' id='word_1_34' title='bbox 638 889 805 968; x_wconf 79' lang='lat' dir='ltr'><strong>Angliam</strong></span> <span class='ocrx_word' id='word_1_35' title='bbox 822 889 949 962; x_wconf 89' lang='lat' dir='ltr'><strong>missis,</strong></span> <span class='ocrx_word' id='word_1_36' title='bbox 964 904 1032 951; x_wconf 86' lang='lat' dir='ltr'><strong>xx.</strong></span> <span class='ocrx_word' id='word_1_37' title='bbox 1051 888 1161 951; x_wconf 90' lang='lat' dir='ltr'><strong>millia</strong></span> 
     </span>
     <span class='ocr_line' id='line_1_7' title="bbox 209 985 1159 1070; baseline 0.003 -23"><span class='ocrx_word' id='word_1_38' title='bbox 209 985 379 1064; x_wconf 88' lang='lat' dir='ltr'><strong>pedonum</strong></span> <span class='ocrx_word' id='word_1_39' title='bbox 413 987 450 1048; x_wconf 93' lang='lat' dir='ltr'><strong>in</strong></span> <span class='ocrx_word' id='word_1_40' title='bbox 481 986 732 1050; x_wconf 88' lang='lat' dir='ltr'><strong>Normanniam</strong></span> <span class='ocrx_word' id='word_1_41' title='bbox 762 988 869 1070; x_wconf 91' lang='lat' dir='ltr'><strong>jussit</strong></span> <span class='ocrx_word' id='word_1_42' title='bbox 895 988 959 1050; x_wconf 91' lang='lat' dir='ltr'><strong>sibi</strong></span> <span class='ocrx_word' id='word_1_43' title='bbox 990 988 1025 1049; x_wconf 91' lang='lat' dir='ltr'><strong>in</strong></span> <span class='ocrx_word' id='word_1_44' title='bbox 1057 988 1159 1050; x_wconf 87' lang='lat' dir='ltr'><strong>anxi·</strong></span> 
     </span>
     <span class='ocr_line' id='line_1_8' title="bbox 209 1081 1160 1163; baseline 0.006 -19"><span class='ocrx_word' id='word_1_45' title='bbox 209 1081 291 1146; x_wconf 90' lang='lat' dir='ltr'><strong>lium</strong></span> <span class='ocrx_word' id='word_1_46' title='bbox 322 1086 427 1148; x_wconf 91' lang='lat' dir='ltr'><strong>mitti.</strong></span> <span class='ocrx_word' id='word_1_47' title='bbox 494 1085 631 1163; x_wconf 87' lang='lat' dir='ltr'><strong>Quibus</strong></span> <span class='ocrx_word' id='word_1_48' title='bbox 654 1094 694 1149; x_wconf 95' lang='lat' dir='ltr'><strong>ut</strong></span> <span class='ocrx_word' id='word_1_49' title='bbox 719 1105 814 1152; x_wconf 88' lang='lat' dir='ltr'><strong>mare</strong></span> <span class='ocrx_word' id='word_1_50' title='bbox 840 1088 1036 1162; x_wconf 82' lang='lat' dir='ltr'>transirent,</span> <span class='ocrx_word' id='word_1_51' title='bbox 1063 1086 1160 1150; x_wconf 84' lang='lat' dir='ltr'><strong>Hea-</strong></span> 
     </span>
     <span class='ocr_line' id='line_1_9' title="bbox 209 1183 1160 1267; baseline 0.005 -24"><span class='ocrx_word' id='word_1_52' title='bbox 209 1183 334 1263; x_wconf 82' lang='lat' dir='ltr'><strong>stingae</strong></span> <span class='ocrx_word' id='word_1_53' title='bbox 357 1188 589 1265; x_wconf 81' lang='lat' dir='ltr'><strong>congregatis,</strong></span> <span class='ocrx_word' id='word_1_54' title='bbox 611 1187 793 1267; x_wconf 90' lang='lat' dir='ltr'><strong>pecuniam</strong></span> <span class='ocrx_word' id='word_1_55' title='bbox 827 1206 904 1267; x_wconf 87' lang='lat' dir='ltr'><strong>quoe</strong></span> <span class='ocrx_word' id='word_1_56' title='bbox 930 1187 1014 1249; x_wconf 85' lang='lat' dir='ltr'><strong>data</strong></span> <span class='ocrx_word' id='word_1_57' title='bbox 1046 1186 1160 1248; x_wconf 87' lang='lat' dir='ltr'><strong>suerat</strong></span> 
     </span>
     <span class='ocr_line' id='line_1_10' title="bbox 210 1281 1159 1365; baseline 0.003 -22"><span class='ocrx_word' id='word_1_58' title='bbox 210 1281 259 1343; x_wconf 90' lang='lat' dir='ltr'><strong>cis</strong></span> <span class='ocrx_word' id='word_1_59' title='bbox 305 1283 348 1345; x_wconf 93' lang='lat' dir='ltr'><strong>ad</strong></span> <span class='ocrx_word' id='word_1_60' title='bbox 385 1284 524 1359; x_wconf 90' lang='lat' dir='ltr'><strong>victum,</strong></span> <span class='ocrx_word' id='word_1_61' title='bbox 566 1285 798 1365; x_wconf 90' lang='lat' dir='ltr'><strong>Rannulphus</strong></span> <span class='ocrx_word' id='word_1_62' title='bbox 840 1284 1159 1347; x_wconf 86' lang='lat' dir='ltr'><strong>Passefiambardus</strong></span> 
     </span>
     <span class='ocr_line' id='line_1_11' title="bbox 209 1382 1159 1464; baseline 0.007 -24"><span class='ocrx_word' id='word_1_63' title='bbox 209 1389 383 1462; x_wconf 87' lang='lat' dir='ltr'><strong>praecepto</strong></span> <span class='ocrx_word' id='word_1_64' title='bbox 413 1384 504 1462; x_wconf 83' lang='lat' dir='ltr'><strong>regis</strong></span> <span class='ocrx_word' id='word_1_65' title='bbox 526 1383 683 1458; x_wconf 91' lang='lat' dir='ltr'><strong>abstulit,</strong></span> <span class='ocrx_word' id='word_1_66' title='bbox 716 1382 859 1459; x_wconf 91' lang='lat' dir='ltr'><strong>scilicet,</strong></span> <span class='ocrx_word' id='word_1_67' title='bbox 889 1384 1072 1464; x_wconf 90' lang='lat' dir='ltr'><strong>unicuique</strong></span> <span class='ocrx_word' id='word_1_68' title='bbox 1100 1384 1159 1447; x_wconf 91' lang='lat' dir='ltr'><strong>de·</strong></span> 
     </span>
     <span class='ocr_line' id='line_1_12' title="bbox 210 1480 1158 1564; baseline 0.003 -24"><span class='ocrx_word' id='word_1_69' title='bbox 210 1496 282 1540; x_wconf 91' lang='lat' dir='ltr'><strong>cem</strong></span> <span class='ocrx_word' id='word_1_70' title='bbox 312 1480 454 1552; x_wconf 89' lang='lat' dir='ltr'><strong>solidos,</strong></span> <span class='ocrx_word' id='word_1_71' title='bbox 488 1487 523 1543; x_wconf 91' lang='lat' dir='ltr'><strong>et</strong></span> <span class='ocrx_word' id='word_1_72' title='bbox 556 1500 616 1545; x_wconf 90' lang='lat' dir='ltr'><strong>eos</strong></span> <span class='ocrx_word' id='word_1_73' title='bbox 646 1481 786 1545; x_wconf 92' lang='lat' dir='ltr'><strong>domum</strong></span> <span class='ocrx_word' id='word_1_74' title='bbox 818 1483 982 1564; x_wconf 89' lang='lat' dir='ltr'><strong>repedare</strong></span> <span class='ocrx_word' id='word_1_75' title='bbox 1015 1483 1158 1544; x_wconf 90' lang='lat' dir='ltr'><strong>manda·</strong></span> 
     </span>
     <span class='ocr_line' id='line_1_13' title="bbox 209 1577 1161 1662; baseline 0.003 -23"><span class='ocrx_word' id='word_1_76' title='bbox 209 1577 281 1651; x_wconf 91' lang='lat' dir='ltr'><strong>vit;</strong></span> <span class='ocrx_word' id='word_1_77' title='bbox 314 1579 496 1659; x_wconf 87' lang='lat' dir='ltr'><strong>pecuniam</strong></span> <span class='ocrx_word' id='word_1_78' title='bbox 526 1599 609 1644; x_wconf 88' lang='lat' dir='ltr'><strong>vero</strong></span> <span class='ocrx_word' id='word_1_79' title='bbox 638 1583 712 1662; x_wconf 82' lang='lat' dir='ltr'><strong>regi</strong></span> <span class='ocrx_word' id='word_1_80' title='bbox 751 1584 952 1645; x_wconf 80' lang='lat' dir='ltr'><strong>transmisit.</strong></span> <span class='ocrx_word' id='word_1_81' title='bbox 1021 1580 1161 1643; x_wconf 84' lang='lat' dir='ltr'><strong>Interea</strong></span> 
     </span>
     <span class='ocr_line' id='line_1_14' title="bbox 210 1679 1159 1760; baseline 0.002 -22"><span class='ocrx_word' id='word_1_82' title='bbox 210 1679 309 1756; x_wconf 81' lang='lat' dir='ltr'><strong>gravi</strong></span> <span class='ocrx_word' id='word_1_83' title='bbox 348 1687 384 1741; x_wconf 90' lang='lat' dir='ltr'><strong>et</strong></span> <span class='ocrx_word' id='word_1_84' title='bbox 421 1680 560 1742; x_wconf 88' lang='lat' dir='ltr'><strong>assiduo</strong></span> <span class='ocrx_word' id='word_1_85' title='bbox 600 1681 739 1755; x_wconf 84' lang='lat' dir='ltr'><strong>tribute,</strong></span> <span class='ocrx_word' id='word_1_86' title='bbox 785 1680 1028 1760; x_wconf 84' lang='lat' dir='ltr'><strong>hominumque</strong></span> <span class='ocrx_word' id='word_1_87' title='bbox 1069 1698 1159 1741; x_wconf 89' lang='lat' dir='ltr'><strong>mor-</strong></span> 
     </span>
     <span class='ocr_line' id='line_1_15' title="bbox 211 1777 1143 1858; baseline 0.002 -21"><span class='ocrx_word' id='word_1_88' title='bbox 211 1777 355 1851; x_wconf 89' lang='lat' dir='ltr'><strong>talitate,</strong></span> <span class='ocrx_word' id='word_1_89' title='bbox 383 1779 545 1858; x_wconf 86' lang='lat' dir='ltr'><strong>praesenti</strong></span> <span class='ocrx_word' id='word_1_90' title='bbox 573 1788 608 1842; x_wconf 90' lang='lat' dir='ltr'><strong>et</strong></span> <span class='ocrx_word' id='word_1_91' title='bbox 631 1799 723 1842; x_wconf 89' lang='lat' dir='ltr'><strong>anno</strong></span> <span class='ocrx_word' id='word_1_92' title='bbox 753 1779 920 1858; x_wconf 87' lang='lat' dir='ltr'><strong>sequenti,</strong></span> <span class='ocrx_word' id='word_1_93' title='bbox 948 1785 1023 1840; x_wconf 91' lang='lat' dir='ltr'><strong>tota</strong></span> <span class='ocrx_word' id='word_1_94' title='bbox 1050 1796 1143 1840; x_wconf 85' lang='lat' dir='ltr'><strong>vexa</strong></span> 
     </span>
     <span class='ocr_line' id='line_1_16' title="bbox 208 1874 1317 1957; baseline 0.005 -23"><span class='ocrx_word' id='word_1_95' title='bbox 208 1874 311 1935; x_wconf 91' lang='lat' dir='ltr'><strong>batur</strong></span> <span class='ocrx_word' id='word_1_96' title='bbox 339 1875 480 1954; x_wconf 77' lang='lat' dir='ltr'><strong>Anglia.</strong></span> <span class='ocrx_word' id='word_1_97' title='bbox 531 1875 589 1939; x_wconf 88' lang='lat' dir='ltr'><strong>Ad</strong></span> <span class='ocrx_word' id='word_1_98' title='bbox 616 1877 689 1940; x_wconf 85' lang='lat' dir='ltr'><strong>haec</strong></span> <span class='ocrx_word' id='word_1_99' title='bbox 714 1878 819 1940; x_wconf 90' lang='lat' dir='ltr'><strong>etiam</strong></span> <span class='ocrx_word' id='word_1_100' title='bbox 840 1877 999 1957; x_wconf 91' lang='lat' dir='ltr'><strong>primitus</strong></span> <span class='ocrx_word' id='word_1_101' title='bbox 1025 1875 1317 1939; x_wconf 70' lang='lat' dir='ltr'><strong>North-Inmreetion</strong></span> 
     </span>
     <span class='ocr_line' id='line_1_17' title="bbox 210 1941 1322 2053; baseline 0.001 -18"><span class='ocrx_word' id='word_1_102' title='bbox 210 1971 364 2048; x_wconf 90' lang='lat' dir='ltr'><strong>Walani,</strong></span> <span class='ocrx_word' id='word_1_103' title='bbox 381 1973 543 2053; x_wconf 89' lang='lat' dir='ltr'><strong>deinceps</strong></span> <span class='ocrx_word' id='word_1_104' title='bbox 559 1974 821 2039; x_wconf 80' lang='lat' dir='ltr'><strong>west-walani</strong></span> <span class='ocrx_word' id='word_1_105' title='bbox 845 1982 880 2038; x_wconf 87' lang='lat' dir='ltr'><strong>ot</strong></span> <span class='ocrx_word' id='word_1_106' title='bbox 898 1973 1159 2050; x_wconf 88' lang='lat' dir='ltr'><strong>Suth-Walani,</strong></span> <span class='ocrx_word' id='word_1_107' title='bbox 1171 1941 1322 1981; x_wconf 51' lang='lat' dir='ltr'><strong>“mm</strong></span> 
     </span>
     <span class='ocr_line' id='line_1_18' title="bbox 208 2071 1160 2153; baseline 0.002 -20"><span class='ocrx_word' id='word_1_108' title='bbox 208 2072 385 2135; x_wconf 88' lang='lat' dir='ltr'><strong>servitutis</strong></span> <span class='ocrx_word' id='word_1_109' title='bbox 399 2071 499 2153; x_wconf 81' lang='lat' dir='ltr'><strong>jugo,</strong></span> <span class='ocrx_word' id='word_1_110' title='bbox 514 2091 584 2152; x_wconf 91' lang='lat' dir='ltr'><strong>quo</strong></span> <span class='ocrx_word' id='word_1_111' title='bbox 599 2072 658 2135; x_wconf 91' lang='lat' dir='ltr'><strong>diu</strong></span> <span class='ocrx_word' id='word_1_112' title='bbox 674 2074 928 2153; x_wconf 85' lang='lat' dir='ltr'><strong>premebantur,</strong></span> <span class='ocrx_word' id='word_1_113' title='bbox 947 2091 1108 2147; x_wconf 85' lang='lat' dir='ltr'><strong>excusso,</strong></span> <span class='ocrx_word' id='word_1_114' title='bbox 1124 2081 1160 2135; x_wconf 91' lang='lat' dir='ltr'><strong>et</strong></span> 
     </span>
     <span class='ocr_line' id='line_1_19' title="bbox 208 2170 1160 2245; baseline 0.002 -13"><span class='ocrx_word' id='word_1_115' title='bbox 208 2170 341 2234; x_wconf 87' lang='lat' dir='ltr'><strong>cervice</strong></span> <span class='ocrx_word' id='word_1_116' title='bbox 364 2178 491 2245; x_wconf 88' lang='lat' dir='ltr'><strong>erecta,</strong></span> <span class='ocrx_word' id='word_1_117' title='bbox 509 2171 703 2234; x_wconf 90' lang='lat' dir='ltr'><strong>libertatem</strong></span> <span class='ocrx_word' id='word_1_118' title='bbox 730 2171 796 2233; x_wconf 92' lang='lat' dir='ltr'><strong>sibi</strong></span> <span class='ocrx_word' id='word_1_119' title='bbox 824 2170 999 2234; x_wconf 88' lang='lat' dir='ltr'><strong>vindicare</strong></span> <span class='ocrx_word' id='word_1_120' title='bbox 1021 2171 1160 2234; x_wconf 84' lang='lat' dir='ltr'><strong>labora·</strong></span> 
     </span>
     <span class='ocr_line' id='line_1_20' title="bbox 208 2268 1158 2350; baseline 0.003 -21"><span class='ocrx_word' id='word_1_121' title='bbox 208 2269 305 2330; x_wconf 91' lang='lat' dir='ltr'><strong>bant.</strong></span> <span class='ocrx_word' id='word_1_122' title='bbox 358 2268 460 2332; x_wconf 88' lang='lat' dir='ltr'><strong>Unde</strong></span> <span class='ocrx_word' id='word_1_123' title='bbox 487 2269 634 2333; x_wconf 87' lang='lat' dir='ltr'><strong>collecta</strong></span> <span class='ocrx_word' id='word_1_124' title='bbox 659 2268 892 2345; x_wconf 89' lang='lat' dir='ltr'><strong>multitudine,</strong></span> <span class='ocrx_word' id='word_1_125' title='bbox 908 2269 1053 2332; x_wconf 91' lang='lat' dir='ltr'><strong>castella</strong></span> <span class='ocrx_word' id='word_1_126' title='bbox 1079 2288 1158 2350; x_wconf 87' lang='lat' dir='ltr'><strong>qnae</strong></span> 
     </span>
     <span class='ocr_line' id='line_1_21' title="bbox 209 2366 1160 2447; baseline 0.002 -20"><span class='ocrx_word' id='word_1_127' title='bbox 209 2367 244 2427; x_wconf 91' lang='lat' dir='ltr'><strong>in</strong></span> <span class='ocrx_word' id='word_1_128' title='bbox 260 2366 543 2429; x_wconf 88' lang='lat' dir='ltr'><strong>West·Walonia</strong></span> <span class='ocrx_word' id='word_1_129' title='bbox 560 2367 698 2430; x_wconf 90' lang='lat' dir='ltr'><strong>firmata</strong></span> <span class='ocrx_word' id='word_1_130' title='bbox 713 2378 824 2442; x_wconf 88' lang='lat' dir='ltr'><strong>eraut,</strong></span> <span class='ocrx_word' id='word_1_131' title='bbox 841 2367 1056 2447; x_wconf 79' lang='lat' dir='ltr'><strong>frangebant,</strong></span> <span class='ocrx_word' id='word_1_132' title='bbox 1073 2368 1160 2429; x_wconf 91' lang='lat' dir='ltr'><strong>etin</strong></span> 
     </span>
     <span class='ocr_line' id='line_1_22' title="bbox 210 2463 1160 2545; baseline 0.002 -19"><span class='ocrx_word' id='word_1_133' title='bbox 210 2463 398 2539; x_wconf 77' lang='lat' dir='ltr'><strong>Castrensi,</strong></span> <span class='ocrx_word' id='word_1_134' title='bbox 412 2464 747 2545; x_wconf 89' lang='lat' dir='ltr'><strong>Scrobbesbyriensi‚</strong></span> <span class='ocrx_word' id='word_1_135' title='bbox 763 2473 798 2528; x_wconf 88' lang='lat' dir='ltr'><strong>et</strong></span> <span class='ocrx_word' id='word_1_136' title='bbox 815 2465 1065 2528; x_wconf 87' lang='lat' dir='ltr'><strong>Herefordensi</strong></span> <span class='ocrx_word' id='word_1_137' title='bbox 1082 2484 1160 2545; x_wconf 79' lang='lat' dir='ltr'><strong>pro</strong></span> 
     </span>
     <span class='ocr_line' id='line_1_23' title="bbox 209 2563 1159 2645; baseline 0.002 -21"><span class='ocrx_word' id='word_1_138' title='bbox 209 2563 323 2625; x_wconf 86' lang='lat' dir='ltr'><strong>vincia</strong></span> <span class='ocrx_word' id='word_1_139' title='bbox 350 2564 547 2644; x_wconf 84' lang='lat' dir='ltr'><strong>frequenter</strong></span> <span class='ocrx_word' id='word_1_140' title='bbox 564 2563 665 2626; x_wconf 87' lang='lat' dir='ltr'><strong>villas</strong></span> <span class='ocrx_word' id='word_1_141' title='bbox 687 2565 898 2638; x_wconf 82' lang='lat' dir='ltr'><strong>cremabant,</strong></span> <span class='ocrx_word' id='word_1_142' title='bbox 914 2564 1050 2645; x_wconf 86' lang='lat' dir='ltr'><strong>praedas</strong></span> <span class='ocrx_word' id='word_1_143' title='bbox 1077 2582 1159 2643; x_wconf 86' lang='lat' dir='ltr'><strong>age-</strong></span> 
     </span>
     <span class='ocr_line' id='line_1_24' title="bbox 209 2661 1160 2742; baseline -0.001 -18"><span class='ocrx_word' id='word_1_144' title='bbox 209 2663 304 2737; x_wconf 91' lang='lat' dir='ltr'><strong>bant,</strong></span> <span class='ocrx_word' id='word_1_145' title='bbox 321 2667 356 2724; x_wconf 90' lang='lat' dir='ltr'><strong>et</strong></span> <span class='ocrx_word' id='word_1_146' title='bbox 372 2662 501 2726; x_wconf 90' lang='lat' dir='ltr'><strong>multos</strong></span> <span class='ocrx_word' id='word_1_147' title='bbox 517 2682 562 2725; x_wconf 84' lang='lat' dir='ltr'><strong>ex</strong></span> <span class='ocrx_word' id='word_1_148' title='bbox 584 2661 709 2742; x_wconf 86' lang='lat' dir='ltr'><strong>Anglis</strong></span> <span class='ocrx_word' id='word_1_149' title='bbox 737 2670 772 2726; x_wconf 88' lang='lat' dir='ltr'><strong>et</strong></span> <span class='ocrx_word' id='word_1_150' title='bbox 796 2661 1007 2725; x_wconf 92' lang='lat' dir='ltr'><strong>Normannis</strong></span> <span class='ocrx_word' id='word_1_151' title='bbox 1028 2662 1160 2724; x_wconf 87' lang='lat' dir='ltr'><strong>interfi-</strong></span> 
     </span>
     <span class='ocr_line' id='line_1_25' title="bbox 208 2760 1160 2840; baseline 0.001 -19"><span class='ocrx_word' id='word_1_152' title='bbox 208 2760 355 2822; x_wconf 88' lang='lat' dir='ltr'><strong>ciebant.</strong></span> <span class='ocrx_word' id='word_1_153' title='bbox 416 2760 613 2840; x_wconf 81' lang='lat' dir='ltr'><strong>Fregerunt</strong></span> <span class='ocrx_word' id='word_1_154' title='bbox 644 2768 680 2823; x_wconf 87' lang='lat' dir='ltr'><strong>et</strong></span> <span class='ocrx_word' id='word_1_155' title='bbox 710 2760 892 2823; x_wconf 90' lang='lat' dir='ltr'><strong>castellum</strong></span> <span class='ocrx_word' id='word_1_156' title='bbox 926 2761 961 2822; x_wconf 91' lang='lat' dir='ltr'><strong>in</strong></span> <span class='ocrx_word' id='word_1_157' title='bbox 993 2760 1160 2823; x_wconf 88' lang='lat' dir='ltr'><strong>Mevania</strong></span> 
     </span>
     <span class='ocr_line' id='line_1_26' title="bbox 209 2857 1270 2940; baseline -0.001 -20"><span class='ocrx_word' id='word_1_158' title='bbox 209 2858 335 2933; x_wconf 90' lang='lat' dir='ltr'><strong>insula,</strong></span> <span class='ocrx_word' id='word_1_159' title='bbox 351 2877 496 2940; x_wconf 88' lang='lat' dir='ltr'><strong>eamque</strong></span> <span class='ocrx_word' id='word_1_160' title='bbox 520 2878 593 2921; x_wconf 88' lang='lat' dir='ltr'><strong>suae</strong></span> <span class='ocrx_word' id='word_1_161' title='bbox 609 2858 731 2922; x_wconf 90' lang='lat' dir='ltr'><strong>ditioni</strong></span> <span class='ocrx_word' id='word_1_162' title='bbox 750 2859 991 2940; x_wconf 89' lang='lat' dir='ltr'><strong>subjiciebant.</strong></span> <span class='ocrx_word' id='word_1_163' title='bbox 1043 2857 1159 2921; x_wconf 89' lang='lat' dir='ltr'><strong>Inter·</strong></span> <span class='ocrx_word' id='word_1_164' title='bbox 1171 2890 1270 2934; x_wconf 62' lang='lat' dir='ltr'><strong>Dm,</strong></span> 
     </span>
     <span class='ocr_line' id='line_1_27' title="bbox 208 2940 1310 3037; baseline 0.002 -18"><span class='ocrx_word' id='word_1_165' title='bbox 208 2957 254 3019; x_wconf 93' lang='lat' dir='ltr'><strong>im</strong></span> <span class='ocrx_word' id='word_1_166' title='bbox 283 2957 396 3020; x_wconf 91' lang='lat' dir='ltr'><strong>Scotti</strong></span> <span class='ocrx_word' id='word_1_167' title='bbox 421 2977 536 3037; x_wconf 83' lang='lat' dir='ltr'><strong>regem</strong></span> <span class='ocrx_word' id='word_1_168' title='bbox 570 2975 670 3019; x_wconf 82' lang='lat' dir='ltr'><strong>suurn</strong></span> <span class='ocrx_word' id='word_1_169' title='bbox 695 2956 898 3031; x_wconf 90' lang='lat' dir='ltr'><strong>Dunecban,</strong></span> <span class='ocrx_word' id='word_1_170' title='bbox 928 2966 964 3019; x_wconf 90' lang='lat' dir='ltr'><strong>et</strong></span> <span class='ocrx_word' id='word_1_171' title='bbox 998 2975 1077 3018; x_wconf 90' lang='lat' dir='ltr'><strong>cum</strong></span> <span class='ocrx_word' id='word_1_172' title='bbox 1117 2940 1310 3035; x_wconf 57' lang='lat' dir='ltr'><strong>eokissbf&#39;imn.</strong></span> 
     </span>
     <span class='ocr_line' id='line_1_28' title="bbox 210 3054 1160 3135; baseline 0.001 -19"><span class='ocrx_word' id='word_1_173' title='bbox 210 3055 406 3130; x_wconf 88' lang='lat' dir='ltr'><strong>nonnullos,</strong></span> <span class='ocrx_word' id='word_1_174' title='bbox 425 3075 531 3118; x_wconf 88' lang='lat' dir='ltr'><strong>suasu</strong></span> <span class='ocrx_word' id='word_1_175' title='bbox 554 3062 589 3118; x_wconf 87' lang='lat' dir='ltr'><strong>et</strong></span> <span class='ocrx_word' id='word_1_176' title='bbox 615 3055 755 3118; x_wconf 87' lang='lat' dir='ltr'><strong>hortatu</strong></span> <span class='ocrx_word' id='word_1_177' title='bbox 774 3055 972 3131; x_wconf 87' lang='lat' dir='ltr'><strong>Dusenaldi,</strong></span> <span class='ocrx_word' id='word_1_178' title='bbox 995 3073 1057 3135; x_wconf 89' lang='lat' dir='ltr'><strong>per</strong></span> <span class='ocrx_word' id='word_1_179' title='bbox 1078 3054 1160 3117; x_wconf 89' lang='lat' dir='ltr'><strong>insi·</strong></span> 
     </span>
     <span class='ocr_line' id='line_1_29' title="bbox 209 3153 1160 3234; baseline -0.001 -18"><span class='ocrx_word' id='word_1_180' title='bbox 209 3154 283 3216; x_wconf 92' lang='lat' dir='ltr'><strong>dias</strong></span> <span class='ocrx_word' id='word_1_181' title='bbox 299 3161 529 3234; x_wconf 90' lang='lat' dir='ltr'><strong>peremerunt,</strong></span> <span class='ocrx_word' id='word_1_182' title='bbox 547 3164 582 3217; x_wconf 88' lang='lat' dir='ltr'><strong>et</strong></span> <span class='ocrx_word' id='word_1_183' title='bbox 601 3153 699 3216; x_wconf 90' lang='lat' dir='ltr'><strong>illum</strong></span> <span class='ocrx_word' id='word_1_184' title='bbox 714 3153 781 3215; x_wconf 85' lang='lat' dir='ltr'><strong>sibi</strong></span> <span class='ocrx_word' id='word_1_185' title='bbox 797 3173 911 3234; x_wconf 84' lang='lat' dir='ltr'><strong>regem</strong></span> <span class='ocrx_word' id='word_1_186' title='bbox 934 3172 1054 3215; x_wconf 90' lang='lat' dir='ltr'><strong>rursus</strong></span> <span class='ocrx_word' id='word_1_187' title='bbox 1077 3172 1160 3215; x_wconf 89' lang='lat' dir='ltr'><strong>con-</strong></span> 
     </span>
     <span class='ocr_line' id='line_1_30' title="bbox 210 3250 1186 3315; baseline -0.001 -1"><span class='ocrx_word' id='word_1_188' title='bbox 210 3252 408 3315; x_wconf 91' lang='lat' dir='ltr'><strong>stituerunt.</strong></span> <span class='ocrx_word' id='word_1_189' title='bbox 470 3252 557 3314; x_wconf 89' lang='lat' dir='ltr'><strong>Post</strong></span> <span class='ocrx_word' id='word_1_190' title='bbox 588 3251 662 3314; x_wconf 87' lang='lat' dir='ltr'><strong>haec</strong></span> <span class='ocrx_word' id='word_1_191' title='bbox 699 3270 761 3313; x_wconf 88' lang='lat' dir='ltr'><strong>rex</strong></span> <span class='ocrx_word' id='word_1_192' title='bbox 785 3250 983 3314; x_wconf 90' lang='lat' dir='ltr'><strong>Willelmus</strong></span> <span class='ocrx_word' id='word_1_193' title='bbox 1012 3267 1060 3312; x_wconf 82' lang='lat' dir='ltr'><strong>tv.</strong></span> <span class='ocrx_word' id='word_1_194' title='bbox 1088 3250 1186 3313; x_wconf 58' lang='lat' dir='ltr'><strong>lral.b</strong></span> 
     </span>
     <span class='ocr_line' id='line_1_31' title="bbox 210 3349 1158 3432; baseline -0.004 -18"><span class='ocrx_word' id='word_1_195' title='bbox 210 3351 232 3414; x_wconf 89' lang='lat' dir='ltr'><strong>J</strong></span> <span class='ocrx_word' id='word_1_196' title='bbox 236 3352 369 3413; x_wconf 90' lang='lat' dir='ltr'><strong>anuarii</strong></span> <span class='ocrx_word' id='word_1_197' title='bbox 384 3351 443 3431; x_wconf 77' lang='lat'><strong>[29</strong></span> <span class='ocrx_word' id='word_1_198' title='bbox 458 3350 560 3432; x_wconf 78' lang='lat' dir='ltr'><strong>Dec]</strong></span> <span class='ocrx_word' id='word_1_199' title='bbox 576 3349 742 3430; x_wconf 81' lang='lat' dir='ltr'><strong>Angliam</strong></span> <span class='ocrx_word' id='word_1_200' title='bbox 757 3349 870 3424; x_wconf 89' lang='lat' dir='ltr'><strong>rediit,</strong></span> <span class='ocrx_word' id='word_1_201' title='bbox 884 3358 919 3413; x_wconf 88' lang='lat' dir='ltr'><strong>et</strong></span> <span class='ocrx_word' id='word_1_202' title='bbox 934 3358 974 3413; x_wconf 90' lang='lat' dir='ltr'><strong>nt</strong></span> <span class='ocrx_word' id='word_1_203' title='bbox 988 3349 1158 3413; x_wconf 89' lang='lat' dir='ltr'><strong>Walanos</strong></span> 
     </span>
     <span class='ocr_line' id='line_1_32' title="bbox 211 3447 1158 3524; baseline -0.001 -13"><span class='ocrx_word' id='word_1_204' title='bbox 211 3449 409 3524; x_wconf 88' lang='lat' dir='ltr'><strong>debellaret,</strong></span> <span class='ocrx_word' id='word_1_205' title='bbox 435 3469 517 3513; x_wconf 83' lang='lat' dir='ltr'><strong>mox</strong></span> <span class='ocrx_word' id='word_1_206' title='bbox 544 3450 735 3512; x_wconf 87' lang='lat' dir='ltr'><strong>exercitum</strong></span> <span class='ocrx_word' id='word_1_207' title='bbox 766 3447 801 3509; x_wconf 93' lang='lat' dir='ltr'><strong>in</strong></span> <span class='ocrx_word' id='word_1_208' title='bbox 816 3447 1015 3512; x_wconf 90' lang='lat' dir='ltr'><strong>Waloniam</strong></span> <span class='ocrx_word' id='word_1_209' title='bbox 1045 3447 1158 3522; x_wconf 86' lang='lat' dir='ltr'><strong>duxit,</strong></span> 
     </span>
     <span class='ocr_line' id='line_1_33' title="bbox 210 3543 1010 3629; baseline 0 -20"><span class='ocrx_word' id='word_1_210' title='bbox 210 3549 324 3629; x_wconf 88' lang='lat' dir='ltr'><strong>ibique</strong></span> <span class='ocrx_word' id='word_1_211' title='bbox 349 3549 503 3611; x_wconf 91' lang='lat' dir='ltr'><strong>homines</strong></span> <span class='ocrx_word' id='word_1_212' title='bbox 520 3556 555 3612; x_wconf 89' lang='lat' dir='ltr'><strong>et</strong></span> <span class='ocrx_word' id='word_1_213' title='bbox 569 3567 675 3629; x_wconf 88' lang='lat' dir='ltr'><strong>equos</strong></span> <span class='ocrx_word' id='word_1_214' title='bbox 691 3546 840 3627; x_wconf 90' lang='lat' dir='ltr'><strong>perdidit</strong></span> <span class='ocrx_word' id='word_1_215' title='bbox 857 3543 1010 3609; x_wconf 75' lang='lat' dir='ltr'><strong>multos.²</strong></span> 
     </span>
    </p>

    <p class='ocr_par' dir='ltr' id='par_1_3' title="bbox 209 3642 1321 3827">
     <span class='ocr_line' id='line_1_34' title="bbox 259 3642 1314 3718; baseline -0.003 -10"><span class='ocrx_word' id='word_1_216' title='bbox 259 3646 326 3708; x_wconf 90' lang='lat' dir='ltr'><strong>Vir</strong></span> <span class='ocrx_word' id='word_1_217' title='bbox 342 3647 548 3710; x_wconf 86' lang='lat' dir='ltr'><strong>venerabilis</strong></span> <span class='ocrx_word' id='word_1_218' title='bbox 565 3655 600 3711; x_wconf 91' lang='lat' dir='ltr'><strong>et</strong></span> <span class='ocrx_word' id='word_1_219' title='bbox 611 3647 711 3710; x_wconf 89' lang='lat' dir='ltr'><strong>valde</strong></span> <span class='ocrx_word' id='word_1_220' title='bbox 728 3646 939 3707; x_wconf 90' lang='lat' dir='ltr'><strong>admirabilis</strong></span> <span class='ocrx_word' id='word_1_221' title='bbox 952 3646 1045 3718; x_wconf 86' lang='lat' dir='ltr'><strong>vitae,</strong></span> <span class='ocrx_word' id='word_1_222' title='bbox 1059 3642 1158 3706; x_wconf 90' lang='lat' dir='ltr'><strong>Wul-</strong></span> <span class='ocrx_word' id='word_1_223' title='bbox 1184 3659 1246 3698; x_wconf 68' lang='lat' dir='ltr'><strong>an·</strong></span> <span class='ocrx_word' id='word_1_224' title='bbox 1258 3659 1314 3696; x_wconf 78' lang='lat'><strong>1⁰⁹⁵·</strong></span> 
     </span>
     <span class='ocr_line' id='line_1_35' title="bbox 209 3724 1321 3827; baseline 0.001 -21"><span class='ocrx_word' id='word_1_225' title='bbox 209 3752 342 3817; x_wconf 78' lang='lat' dir='ltr'><strong>stanuS,</strong></span> <span class='ocrx_word' id='word_1_226' title='bbox 372 3747 553 3827; x_wconf 87' lang='lat' dir='ltr'><strong>episcopus</strong></span> <span class='ocrx_word' id='word_1_227' title='bbox 580 3755 711 3809; x_wconf 85' lang='lat' dir='ltr'><strong>sanctae</strong></span> <span class='ocrx_word' id='word_1_228' title='bbox 727 3744 966 3824; x_wconf 82' lang='lat' dir='ltr'><strong>Wigornensis</strong></span> <span class='ocrx_word' id='word_1_229' title='bbox 992 3724 1321 3817; x_wconf 54' lang='lat' dir='ltr'><strong>ecclesiae,}‘ir²f¹,‘22f..¹&#39;¹’&#39;</strong></span> 
     </span>
    </p>
   </div>
   <div class='ocr_carea' id='block_1_3' title="bbox 210 3839 1160 3922">
    <p class='ocr_par' dir='ltr' id='par_1_4' title="bbox 210 3839 1160 3922">
     <span class='ocr_line' id='line_1_36' title="bbox 210 3839 1160 3922; baseline -0.005 -17"><span class='ocrx_word' id='word_1_230' title='bbox 210 3844 253 3905; x_wconf 92' lang='lat' dir='ltr'><strong>ab</strong></span> <span class='ocrx_word' id='word_1_231' title='bbox 269 3842 502 3906; x_wconf 89' lang='lat' dir='ltr'><strong>adolescentia</strong></span> <span class='ocrx_word' id='word_1_232' title='bbox 518 3844 643 3906; x_wconf 90' lang='lat' dir='ltr'><strong>divinis</strong></span> <span class='ocrx_word' id='word_1_233' title='bbox 662 3844 880 3922; x_wconf 89' lang='lat' dir='ltr'><strong>mancipatus</strong></span> <span class='ocrx_word' id='word_1_234' title='bbox 899 3839 1061 3914; x_wconf 78' lang='lat' dir='ltr'><strong>servitiiS,</strong></span> <span class='ocrx_word' id='word_1_235' title='bbox 1081 3847 1160 3920; x_wconf 88' lang='lat' dir='ltr'><strong>post</strong></span> 
     </span>
    </p>
   </div>
   <div class='ocr_carea' id='block_1_4' title="bbox 209 3939 1160 4022">
    <p class='ocr_par' dir='ltr' id='par_1_5' title="bbox 209 3939 1160 4022">
     <span class='ocr_line' id='line_1_37' title="bbox 209 3939 1160 4022; baseline -0.003 -19"><span class='ocrx_word' id='word_1_236' title='bbox 209 3943 336 4006; x_wconf 91' lang='lat' dir='ltr'><strong>multos</strong></span> <span class='ocrx_word' id='word_1_237' title='bbox 351 3942 463 4005; x_wconf 89' lang='lat' dir='ltr'><strong>sancti</strong></span> <span class='ocrx_word' id='word_1_238' title='bbox 490 3943 625 4004; x_wconf 80' lang='lat' dir='ltr'><strong>sudoris</strong></span> <span class='ocrx_word' id='word_1_239' title='bbox 652 3960 792 4022; x_wconf 86' lang='lat' dir='ltr'><strong>agones,</strong></span> <span class='ocrx_word' id='word_1_240' title='bbox 818 3941 943 4020; x_wconf 89' lang='lat' dir='ltr'><strong>quibus</strong></span> <span class='ocrx_word' id='word_1_241' title='bbox 959 3957 1022 4020; x_wconf 91' lang='lat' dir='ltr'><strong>pro</strong></span> <span class='ocrx_word' id='word_1_242' title='bbox 1048 3939 1160 4018; x_wconf 82' lang='lat' dir='ltr'><strong>gloria</strong></span> 
     </span>
    </p>
   </div>
   <div class='ocr_carea' id='block_1_5' title="bbox 245 4088 1062 4206">
    <p class='ocr_par' dir='ltr' id='par_1_6' title="bbox 245 4088 1062 4206">
     <span class='ocr_line' id='line_1_38' title="bbox 245 4088 1062 4188; baseline 0 -48"><span class='ocrx_word' id='word_1_243' title='bbox 245 4089 368 4156; x_wconf 86' lang='lat' dir='ltr'><strong>¹Hobn.]</strong></span> <span class='ocrx_word' id='word_1_244' title='bbox 387 4093 555 4144; x_wconf 85' lang='lat' dir='ltr'><strong>LaHoulme.</strong></span> <span class='ocrx_word' id='word_1_245' title='bbox 677 4088 681 4158; x_wconf 90' lang='grc' dir='ltr'>Ι</span> <span class='ocrx_word' id='word_1_246' title='bbox 731 4089 925 4141; x_wconf 75' lang='lat' dir='ltr'><strong>&#39;Sax.Ghron.</strong></span> <span class='ocrx_word' id='word_1_247' title='bbox 968 4113 972 4118; x_wconf 95' lang='lat'>·</span> <span class='ocrx_word' id='word_1_248' title='bbox 1046 4164 1062 4188; x_wconf 69' lang='lat' dir='ltr'><strong>a</strong></span> 
     </span>
     <span class='ocr_line' id='line_1_39' title="bbox 1013 4173 1062 4206; baseline 0 0"><span class='ocrx_word' id='word_1_249' title='bbox 1013 4173 1029 4206; x_wconf 88' lang='lat' dir='ltr'><strong>u</strong></span> <span class='ocrx_word' id='word_1_250' title='bbox 1048 4187 1062 4206; x_wconf 81' lang='grc'><strong>,.</strong></span> 
     </span>
    </p>
   </div>
   <div class='ocr_carea' id='block_1_6' title="bbox 0 0 1542 4508">
    <p class='ocr_par' dir='ltr' id='par_1_7' title="bbox 0 0 1542 4508">
     <span class='ocr_line' id='line_1_40' title="bbox 0 0 1542 4508; baseline 0 0"><span class='ocrx_word' id='word_1_251' title='bbox 0 0 1542 4508; x_wconf 95' lang='lat' dir='ltr'><strong> </strong></span> 
     </span>
    </p>
   </div>
  </div>
 </body>
</html>
