3074 4508
342 334 428 397 xviii
732 352 903 398 rauraca.

342 507 483 571 Domini
502 523 674 572 nucxvru.
695 511 780 573 obiit
802 511 958 573 dominus
983 508 1190 584 Florentius,
1207 505 1285 571 Wi-

340 608 473 686 gorniae
492 607 693 684 monachus,
708 609 807 691 cujus
823 611 958 673 literato
971 609 1088 671 labore
1101 607 1284 688 plurimum

340 705 493 768 adaucta
508 713 563 768 est
579 707 650 770 ista
668 706 835 771 historia!

577 1157 584 1170 .
669 1099 778 1163 JOH.
807 1100 957 1164 BALEI

622 1256 660 1295 DE
681 1256 777 1297 EODEM
797 1256 1007 1298 uusrmomuit.

518 1370 571 1433 [Ex
585 1372 650 1419 libro
661 1372 693 1419 de
703 1371 785 1432 Scrip.
796 1374 864 1434 Aug.
877 1371 940 1421 Ceu.
951 1376 976 1432 2,
987 1385 1043 1431 cap.
1055 1368 1109 1431 oo.]

390 1494 591 1557 Florentius
609 1495 797 1569 Bavonius‚
814 1493 1064 1573 Wigorniensis
1086 1490 1284 1563 monachus

337 1592 439 1656 homo
458 1600 608 1674 utraque
626 1593 821 1672 disciplina,
838 1592 988 1654 humana
1011 1600 1045 1654 et
1068 1591 1193 1662 divina,
1210 1590 1282 1670 opi-

337 1709 421 1770 pare
442 1693 622 1771 praedituS,
643 1691 832 1753 maximum
850 1691 913 1752 sibi
931 1710 975 1751 ex
993 1690 1093 1751 editis
1108 1688 1282 1768 opusculis

336 1788 504 1851 doctrinae
530 1789 754 1868 comparabat
780 1805 915 1849 nomen.
970 1786 1152 1865 Ingenium
1178 1785 1282 1866 plane

336 1884 471 1960 habuit,
486 1885 531 1948 ad
555 1884 797 1966 quodcumque
813 1884 962 1959 volebat,
978 1891 1134 1965 apertum
1153 1891 1187 1947 et
1201 1903 1282 1946 con·

335 1984 507 2064 spicuam,
546 1985 745 2047 memoriam
785 1982 999 2065 splendidam
1038 2001 1079 2045 ac
1124 1981 1282 2047 foelicem.

335 2081 425 2144 Tam
453 2084 651 2163 ingenue-a
673 2082 800 2145 teneris
827 2083 925 2144 annis
949 2081 1129 2144 institutus
1146 2081 1222 2154 suit,
1248 2087 1283 2144 et

333 2179 386 2242 ita
415 2180 460 2242 ad
497 2181 586 2243 bene
613 2179 810 2242 merendum
846 2197 1051 2259 propensus
1080 2185 1120 2239 ut
1149 2177 1283 2240 nullum

334 2277 465 2339 sineret
493 2278 671 2357 praeterire
702 2277 804 2351 diem,
834 2277 919 2356 quin
954 2275 1104 2358 aliquam
1142 2275 1283 2339 duceret

334 2372 463 2437 lineam
481 2375 524 2437 ad
538 2376 661 2457 patriae
679 2393 751 2438 suae
767 2374 995 2456 splendorem.
1041 2372 1096 2436 Ex
1113 2372 1281 2454 frequenti

335 2478 371 2535 et
397 2473 520 2535 crebra
545 2473 786 2536 chronicorum
813 2472 973 2547 lectione,
999 2471 1280 2553 chronographus

335 2571 450 2633 evasit
465 2577 570 2634 aetate
588 2590 652 2634 sua
667 2589 833 2650 magnus:
859 2569 1010 2644 Gildam,
1028 2569 1170 2644 Bedam,
1185 2569 1282 2634 Ado·

335 2687 427 2743 nem,
443 2667 655 2744 Marianum,
679 2667 908 2748 Sigebertum,
926 2675 961 2731 et
976 2667 1103 2729 similes
1123 2667 1282 2748 religiose

333 2773 517 2846 sequutus.
581 2766 775 2829 Illustrium
812 2768 963 2830 virorum
1001 2764 1103 2840 sacta,
1142 2775 1281 2830 servato

334 2870 530 2945 temporum
557 2865 696 2940 ordine,·
718 2883 758 2928 ac
787 2865 903 2928 debito
927 2864 1078 2926 locorum
1103 2864 1300 2941 iconismo,·

332 2969 373 3023 ut
394 2963 569 3043 pellucida
593 2963 751 3044 quaedam
774 2964 921 3044 pictura,
946 2963 990 3024 ob
1013 2961 1131 3024 oculos
1155 2963 1280 3042 posuit.

333 3058 436 3122 Unde
453 3062 602 3142 posteris
624 3061 761 3124 demum
783 3061 935 3141 reliquit,
958 3060 1002 3122 ad
1024 3059 1191 3121 celebrem
1209 3059 1280 3122 An-

331 3157 433 3235 glicae
456 3159 678 3240 antiquitatis
702 3161 912 3233 memoriam,
935 3158 1063 3220 eximia
1076 3158 1204 3237 ingenii
1226 3159 1281 3220 sui

330 3264 556 3319 monumenta
579 3263 614 3319 et
636 3256 739 3331 dona,
756 3255 881 3320 Latino
904 3274 1059 3319 sermone
1074 3257 1279 3335 conscripta.

332 3351 431 3416 Obiit
454 3354 605 3429 tandem,
622 3374 692 3417 non
715 3356 789 3416 sine
812 3374 954 3417 suorum
968 3354 1075 3426 luctu,
1100 3372 1189 3415 anno
1205 3357 1279 3416 nati

331 3450 529 3513 Servatoris
552 3468 714 3526 mcxix„
735 3454 799 3515 sub
825 3452 978 3514 Henrico
996 3450 1125 3524 Primo,
1146 3450 1278 3531 Anglo.

331 3567 404 3609 rum
420 3566 514 3627 rege.
553 3548 589 3609 H
593 3544 658 3611 un'o
672 3557 865 3630 sequuntur
881 3569 921 3612 ac
936 3548 1075 3611 laudant
1091 3547 1278 3613 Gualterus

332 3645 603 3721 CoventriensiS,
621 3647 828 3728 Ranulphus
846 3646 1040 3728 Higdenus,
1050 3654 1084 3709 et
1099 3645 1122 3709 J
1125 3647 1277 3711 ohannes

331 3743 478 3806 Rossus.
