3074 4508
374 314 417 377 58
739 329 949 377 crinorucou

375 484 656 567 archiepiscopus
687 484 915 546 Eboracensis
946 501 1024 544 cum
1050 500 1103 556 eo,
1131 496 1318 560 omnesque

374 584 434 646 alii
457 584 598 665 Angliae
619 584 781 666 episcopi,
800 584 835 645 in
858 581 1044 663 praesentia
1063 579 1204 660 gloriosi
1226 578 1318 657 regis

376 681 546 758 Heinrici,
569 700 714 745 assensu
739 683 906 744 baronum
934 697 1095 744 suorum:
1119 676 1317 739 ‘Statutnm

375 788 428 843 est
441 788 482 843 ut
492 781 696 862 presbyteri,
708 780 854 854 diaconi,
865 777 1067 842 subdiaconi
1081 783 1177 839 caste
1187 775 1318 849 vivant,

374 884 410 938 et
425 878 585 940 foeminas
608 879 645 940 in
665 878 820 940 domibus
843 878 915 939 suis
930 895 999 938 non
1014 875 1174 948 habeant,
1189 881 1318 952 praeter

374 974 536 1053 proxima
556 976 857 1054 consanguinitate
878 975 942 1037 sibi
961 973 1112 1055 junctas,
1128 968 1317 1034 secundum

374 1070 439 1132 hoc
455 1071 547 1151 quod
563 1078 684 1133 sancta
706 1071 851 1134 Nicaena
872 1072 1025 1153 synodus
1041 1068 1205 1133 definivit.
1257 1066 1316 1130 Illi

375 1188 458 1232 vero
488 1169 693 1250 presbyteri,
723 1168 872 1243 diaconi,
904 1168 1114 1242 subdiaconi,
1143 1167 1203 1248 qui
1234 1174 1315 1246 post

374 1267 593 1331 interdictum
618 1266 867 1331 Lundonicnsis
891 1266 1023 1328 consilii
1050 1265 1207 1328 soeminas
1231 1282 1314 1326 suas

375 1375 569 1442 terruerunt,
588 1367 644 1431 rel
660 1367 745 1430 alias
761 1367 946 1441 duxerunt,
964 1365 993 1427 si
1011 1364 1158 1445 amplius
1173 1363 1314 1424 missam

374 1465 549 1528 celebrare
565 1464 750 1540 voluerint,
771 1484 830 1528 eas
853 1483 875 1527 a
897 1483 934 1527 se
954 1464 1094 1527 omnino
1117 1462 1167 1525 sie
1189 1461 1315 1524 sacient

374 1562 517 1637 alienae,
533 1572 574 1627 ut
590 1582 653 1626 nec
676 1563 745 1626 illae
763 1565 798 1626 in
820 1563 941 1626 domos
962 1581 1093 1636 eorum,
1111 1579 1173 1622 nec
1189 1560 1256 1640 ipsi
1276 1560 1312 1620 in

373 1660 493 1723 domos
510 1680 628 1723 earum
647 1663 794 1738 intrent3
818 1661 877 1723 sed
898 1679 1008 1741 neque
1025 1661 1059 1721 in
1078 1660 1194 1737 aliqua
1212 1657 1314 1719 domo

372 1757 521 1820 scienter
536 1759 754 1833 conveniant,
770 1776 882 1838 neque
902 1756 1097 1839 hujusmodi
1111 1755 1263 1818 foeminae
1277 1756 1314 1816 in

372 1855 548 1918 territorio
580 1854 734 1918 ecclesiae
765 1855 943 1918 habitent:
968 1855 998 1916 si
1029 1862 1144 1916 autem
1173 1862 1315 1934 propter

372 1952 525 2034 aliquam
544 1952 724 2016 honestam
743 1971 883 2016 oausam
903 1972 962 2017 eas
977 1952 1126 2034 colloqui
1143 1960 1314 2032 oporteat,

371 2070 449 2113 cum
466 2051 600 2115 duobus
615 2051 779 2131 legitimis
796 2053 943 2116 testibus
966 2059 1069 2114 extra
1084 2051 1222 2114 domum
1244 2048 1314 2112 col-

370 2147 571 2229 loquantur.
623 2149 661 2212 Si
675 2168 757 2212 vero
782 2151 818 2211 in
839 2149 971 2211 dnobus
996 2149 1108 2210 autin
1129 2148 1240 2209 tribus
1263 2146 1312 2209 le·

364 2246 501 2324 ,gitimis
517 2247 674 2320 testibus,
685 2245 741 2308 vel
755 2245 896 2325 publica
910 2244 1195 2326 parochianorum
1207 2243 1313 2320 lama,

371 2342 497 2423 aliquis
513 2362 632 2406 eornm
644 2350 827 2406 accusatus
842 2342 946 2406 fuerit
959 2343 1050 2424 quod
1066 2342 1130 2405 hoc
1144 2349 1312 2405 statutum

372 2440 568 2517 violaverit,
594 2442 758 2523 purgabit
779 2461 817 2504 se
841 2441 1013 2524 adjunctis
1040 2459 1156 2503 secum
1182 2440 1313 2502 ordinis

370 2539 425 2600 sni
440 2539 575 2602 idoneis
588 2541 746 2615 testibus,
761 2556 809 2602 vl.
827 2540 857 2602 si
872 2540 1063 2620 presbyter,
1081 2554 1128 2600 1v.
1146 2537 1176 2600 si
1197 2537 1315 2601 diaco-

369 2655 447 2712 nus,
465 2653 506 2699 11.
522 2638 554 2700 si
577 2637 808 2700 subdiaconus
835 2636 949 2699 luerit.
1001 2635 1066 2699 Cui
1092 2644 1209 2699 autem
1237 2635 1313 2698 haec

369 2736 533 2814 purgatio
561 2734 733 2811 defecerit,
756 2742 795 2797 nt
818 2741 1054 2815 transgressor
1078 2734 1169 2796 sacri
1190 2732 1315 2796 statuti

364 2831 590 2914 judicabitur.
654 2832 714 2896 Illi
742 2840 859 2895 autem
885 2831 1078 2913 presbyteri
1107 2831 1179 2913 qui,
1205 2831 1313 2894 divini

369 2930 489 2993 altaris
511 2938 547 2993 et
563 2949 738 2995 sacrorum
761 2930 919 2994 ordinum
942 2938 1208 3010 contemptores,
1223 2949 1312 3011 prae·

368 3027 536 3108 elegerint
550 3048 628 3092 cum
643 3028 842 3092 mulieribus
859 3028 1026 3103 habitare,
1039 3046 1060 3090 a
1072 3027 1190 3091 divino
1201 3025 1313 3090 officio

368 3127 504 3202 remoti,
530 3128 692 3208 omnique
719 3127 952 3189 ecclesiastico
980 3125 1145 3188 beneficio
1172 3126 1312 3206 privati,

369 3230 471 3285 extra
503 3223 644 3287 chorum
684 3233 870 3305 ponantur,
904 3223 1049 3286 infames
1087 3223 1312 3304 pronuntiati.

369 3319 438 3396 Qui
467 3340 548 3384 vero
574 3323 711 3384 rebellis
740 3328 776 3384 et
801 3329 1018 3402 contemptor
1040 3320 1215 3383 foeminam
1243 3339 1313 3382 non

369 3418 558 3497 reliquerit,
592 3428 627 3482 et
662 3421 802 3481 missam
837 3420 1009 3482 celebrare
1043 3419 1313 3500 praesumpserit,

369 3522 516 3577 vocatus
539 3515 583 3577 ad
608 3517 894 3592 satisfactionem,
910 3518 940 3579 si
964 3516 1171 3596 neglexerit,
1186 3523 1311 3579 octavo

368 3613 424 3674 die
451 3601 799 3678 excommunicetur.¹
827 3614 973 3677 ‘Eadem
1003 3615 1174 3677 sententia
1201 3614 1313 3676 archi·

368 3710 532 3774 diaconos
555 3720 591 3774 et
605 3714 789 3777 canonicos
811 3732 930 3775 omnes
948 3713 1200 3792 complectitur,
1216 3719 1252 3775 et
1269 3712 1312 3774 de

367 3809 566 3872 mulieribus
598 3812 843 3892 relinquendis,
876 3819 912 3874 et
942 3811 985 3874 de
1019 3811 1160 3874 vitanda
1194 3829 1312 3873 earum

366 3909 641 3984 conversatione,
659 3919 694 3973 et
712 3911 754 3972 de
778 3909 992 3973 districtione
1015 3927 1181 3982 censurae,
1197 3909 1226 3970 si
1245 3916 1313 3969 sta-

365 4012 443 4066 tuta
471 4009 677 4088 transgressi
700 4008 837 4071 suerint.
890 4008 913 4070 J
916 4010 1065 4071 urabunt
1084 4005 1313 4069 archidiaconi
