3074 4508
435 395 627 444 ruoauuru
655 394 931 442 wroomuunsrs.
1093 375 1159 438 199

212 554 391 632 ptennium
407 574 416 632 ;
441 555 631 635 darentque
642 551 768 634 singuli
784 552 859 633 regi
874 551 964 614 iufra
974 552 1159 615 triennium

211 651 366 715 valorem
399 660 501 716 terrae
540 673 655 717 eorum
692 671 753 734 per
783 651 1024 733 septennium
1045 657 1092 713 ret
1127 651 1157 712 si

211 760 357 831 possent
384 751 474 815 infra
496 752 608 815 dictos
632 759 701 814 tres
727 768 837 813 annos
864 751 1000 813 tertiam
1024 756 1157 830 partem

213 847 316 912 dictae
356 839 546 914 taxationis
586 850 730 927 solvere,
770 849 983 932 possiderent
1021 849 1158 910 tertiam

213 956 351 1027 partem
391 957 493 1013 terrae
542 968 681 1027 eornm;
722 949 752 1012 si
800 947 976 1010 dimidiam
1022 953 1157 1028 partem

215 1045 316 1110 dictae
340 1050 509 1130 pecuniae,
533 1049 708 1112 dimidiam
730 1054 863 1129 partem
886 1054 988 1109 terroe
1014 1064 1156 1116 eorum;

215 1145 244 1206 si
286 1154 402 1210 totum
440 1147 689 1229 persolverent,
726 1153 835 1209 totam
881 1153 1008 1208 terram
1056 1132 1187 1206 suam*

215 1254 480 1326 recuperarent3
514 1255 549 1309 et
593 1248 622 1309 si
666 1246 755 1309 infra
784 1245 895 1307 dictos
935 1253 1005 1306 tres
1048 1261 1156 1305 annos

216 1349 327 1405 totum
360 1364 428 1406 non
461 1345 719 1426 persolvissent,
748 1343 958 1408 exhaeredati
990 1349 1156 1423 perpetuo

215 1451 442 1506 remanerent.
494 1443 687 1507 Secundum
715 1443 803 1505 hanc
825 1441 936 1520 legem
962 1448 1156 1519 magnates,

214 1542 274 1620 qni
298 1542 390 1623 apud
415 1541 616 1606 Kenilworo
637 1551 716 1605 aute
740 1540 867 1603 bellum
890 1540 1156 1613 Eveshamense,

215 1647 250 1701 et
288 1640 324 1703 in
372 1641 464 1705 bello
509 1643 551 1705 de
595 1641 776 1715 Evesham,
809 1641 903 1720 capti
944 1639 1091 1712 fuerant,
1123 1642 1157 1698 et

214 1739 346 1802 obsessi
383 1741 419 1803 in
459 1752 574 1805 castro
612 1741 654 1804 de
685 1738 899 1814 Keuilwor’6‚
925 1737 1030 1800 libere
1062 1735 1157 1796 abiro

213 1840 373 1917 permissi
390 1849 482 1903 sunt.

351 2069 457 2111 rusum
478 2070 607 2111 suffusus
627 2069 717 2110 ema
737 2069 775 2109 AB
795 2065 1015 2107 EXHAEREDA'HS.

263 2209 396 2288 Quinto
419 2213 464 2276 id.
482 2212 634 2294 Augusti
658 2208 695 2296 [9
710 2185 835 2296 Am
851 2181 1063 2291 exhaeredati
1085 2210 1157 2290 qui,
1171 2221 1295 2262 mmm·

212 2317 252 2372 ut
277 2309 408 2374 dictum
436 2320 502 2389 est,
517 2313 554 2375 in
578 2311 675 2375 silvis
697 2305 899 2384 'latitabant
917 2308 1065 2371 insulam
1084 2308 1157 2371 Eli·
1170 2272 1313 2368 illidii?

214 2426 332 2470 ensem
361 2417 463 2473 caute
489 2410 720 2491 ingredientes
750 2415 927 2489 ceperunt,
954 2425 1057 2487 quam
1084 2406 1157 2488 epi·

214 2525 342 2587 scopus
357 2507 587 2589 inpraesentia
597 2509 687 2588 regis
697 2514 800 2570 autea
813 2505 1157 2587 praesumpsitcusto-

214 2604 396 2682 diendam3
420 2606 481 2669 sed
507 2626 591 2670 casu
615 2605 790 2670 accidente
813 2605 874 2680 sic,
897 2603 978 2665 inde
1004 2603 1158 2680 recessit,

213 2711 248 2766 et
276 2704 427 2768 insulam
456 2704 646 2787 suspendit.
711 2702 777 2766 Isti
806 2709 916 2766 totam
946 2703 1093 2782 patriam
1121 2702 1157 2764 in

213 2821 337 2882 gyrum
354 2803 655 2884 depraedaverunt,
672 2802 732 2864 sed
750 2807 784 2864 et
806 2800 897 2863 ultro
921 2800 1155 2881 procedentes,

214 2916 307 2963 xvir.
319 2899 392 2964 kal.
403 2901 427 2964 J
430 2920 551 2966 anuar.
566 2899 626 2986 [16
637 2898 754 2984 Dec.]‚
765 2898 883 2962 villam
895 2896 1155 2961 Norvvicensem

212 3000 245 3060 vi
263 3007 440 3080 ceperunt,
457 3016 519 3062 vu.
537 3000 693 3064 curribus
709 3007 742 3062 et
758 2997 899 3077 aurigis,
911 3003 950 3058 ut
965 2997 1155 3072 dicebatur,

212 3097 255 3158 de
270 3097 391 3178 praeda
409 3100 554 3172 onustis,
566 3107 600 3161 et
617 3116 732 3161 secum
751 3095 918 3158 abductis.

264 3194 400 3258 Octavo
416 3195 462 3259 id.
480 3196 582 3259 Febr.
602 3195 639 3280 [6
658 3194 769 3274 Feb.],
787 3194 948 3256 videlicet
971 3191 1155 3255 Dominica
1176 3202 1238 3242 M>-
1251 3202 1307 3240 ¹²⁶⁷·

209 3301 289 3373 post
320 3292 611 3370 Purificationem,
640 3294 735 3355 veuit
758 3311 821 3353 rex
854 3289 1029 3354 Henricus
1063 3290 1154 3371 apud
1168 3267 1309 3365 llil¹¹¹³⁸²

211 3389 377 3453 Sanctum
395 3391 626 3467 Edmundum,
643 3399 677 3454 et
701 3391 755 3452 die
777 3389 934 3470 sequenti
954 3388 1154 3452 Octobonus

209 3489 348 3569 legatus
376 3491 471 3553 venit
487 3491 624 3566 ibidem,
641 3490 772 3552 cunctis
795 3489 948 3569 praelatis
977 3496 1011 3550 et
1034 3506 1154 3567 proce·

209 3589 304 3649 ribus
315 3590 414 3669 regni
424 3608 466 3651 ex
474 3597 621 3670 utroque
633 3587 744 3651 edicto
756 3587 799 3648 ad
811 3588 925 3649 locum
934 3586 1153 3668 praelibatum

209 3688 433 3763 convocatis3
476 3688 592 3768 legato
633 3686 798 3767 siquidem
830 3684 948 3748 Sancti
981 3684 1076 3746 Petri
1117 3685 1153 3746 iu

209 3784 385 3847 Cathedra
406 3786 530 3847 ibidem
562 3784 741 3848 concilium
765 3783 971 3858 celebrante,
995 3782 1151 3844 exhaere·

208 3883 308 3946 datos
339 3883 489 3944 insulam
516 3883 688 3946 Eliensem
714 3891 933 3960 occupantes,
957 3900 1034 3942 cum
1061 3899 1154 3942 com-

206 3982 354 4062 plicibus
372 3989 406 4043 et
423 3981 628 4055 fautoribus,
647 3979 937 4042 admonitionibus
955 3979 1152 4060 praemissis

207 4080 342 4159 publico
369 4079 693 4154 excommunicavit,
721 4096 800 4157 rego
820 4076 866 4140 ibi
889 4087 1071 4157 praesente,
1087 4078 1153 4140 nisi
