3074 4508
363 291 428 352 104
612 310 861 359 courrnuarro
885 311 1060 359 canonici

362 462 487 526 larium
529 465 719 546 ingressus,
761 466 912 546 repperit
954 465 1133 545 puerulum
1176 464 1311 545 nigrum

363 564 529 627 mirandae
554 563 737 646 parvitatis
761 567 796 628 in
818 585 887 628 uno
912 563 954 626 de
981 563 1129 644 pessulis
1155 563 1313 624 manibus

363 661 575 739 haerentem3
600 682 702 744 quem
729 664 850 726 festine
878 661 1179 744 comprehendens,
1205 667 1240 722 et
1267 660 1311 722 ad

363 760 525 822 abbatem
548 761 724 824 deserens:
752 763 852 835 ‘En,’
876 763 937 836 ait,
959 761 1130 834 ‘domina
1149 758 1312 840 puerulus

362 856 442 930 iste,
466 877 568 936 quem
585 859 693 934 videS,
715 880 816 922 omne
838 861 1013 934 damnum,
1032 859 1122 939 quod
1146 859 1180 921 iu
1199 875 1313 938 prom·

362 955 503 1034 ptuario
535 956 752 1035 pertulimuS,
781 959 879 1020 nobis
910 957 1050 1020 intulit!
1102 955 1170 1018 His
1199 955 1312 1027 dictis,

363 1051 484 1115 retulit
511 1053 542 1114 ei
574 1052 725 1132 qualiter
756 1056 899 1118 eundem
933 1053 1114 1136 puerulum
1146 1054 1182 1115 in
1213 1052 1311 1116 obice

363 1150 571 1230 pendentem
588 1150 729 1213 invenit.
775 1153 895 1215 Abbas
918 1162 1034 1214 autem
1057 1151 1209 1234 ejusdem
1228 1169 1312 1231 pue-

363 1249 430 1310 ruli
455 1249 671 1330 qualitatem,
695 1250 785 1313 ultra
809 1270 912 1331 quam
937 1251 1029 1313 credi
1052 1256 1180 1330 potest,
1202 1248 1311 1311 admi·

363 1357 473 1424 ratus,
491 1357 635 1429 accepto
663 1349 819 1425 consili0,
844 1349 1071 1412 monachilem
1098 1347 1250 1410 habitum
1280 1348 1313 1410 ei

363 1449 478 1525 parari
492 1447 610 1528 jussit,
626 1455 661 1509 et
679 1468 756 1510 oum
771 1448 985 1511 scholaribus
1003 1447 1156 1528 puerulis
1170 1446 1205 1507 in
1219 1445 1311 1509 clau-

363 1551 436 1605 stro
452 1547 663 1607 conversari.
711 1546 790 1622 Quo
807 1547 911 1620 sacto,
926 1546 1090 1627 puerulus
1104 1545 1203 1618 idom,
1220 1545 1311 1607 sicut

362 1642 470 1702 abbas
489 1643 655 1724 jusserat,
678 1644 851 1706 scholares
877 1646 1039 1724 puerulos
1066 1653 1166 1705 nocte
1188 1643 1312 1722 dieque

362 1740 560 1814 comitatur,
594 1759 770 1820 nunquam
805 1750 918 1802 tamen
955 1742 1067 1803 cibum
1100 1748 1161 1802 aut
1190 1746 1310 1819 potum

361 1838 532 1910 sumebat,
550 1837 636 1899 nulli
658 1839 794 1917 publice
817 1848 878 1900 aut
900 1837 1061 1918 privatim
1083 1837 1310 1918 loquebatur;

361 1933 440 1997 aliis
455 1937 634 1998 nocturnis
650 1945 711 2000 aut
723 1935 921 2000 meridianis
936 1937 1030 2000 horis
1045 1937 1310 2018 quiescentibus,

360 2034 436 2113 ipse
453 2034 488 2096 in
498 2033 588 2098 lecto
604 2035 791 2110 residebat,
806 2036 880 2098 sine
889 2035 1141 2099 intermissione
1157 2035 1308 2115 plorans,

360 2138 396 2192 et
420 2131 596 2211 singultus
623 2134 847 2195 creberrimos
874 2134 1047 2196 emittens.
1101 2133 1198 2195 luter
1224 2133 1311 2208 haec,

361 2229 470 2290 abbas
488 2229 628 2309 quidam
650 2229 791 2292 alterius
815 2229 980 2304 ecclesiae,
999 2230 1164 2293 orationis
1184 2231 1310 2310 gratia,

361 2325 406 2386 ad
429 2326 573 2390 eundem
598 2326 711 2390 locum
727 2328 879 2402 veniens,
896 2327 1085 2408 aliquantis
1109 2327 1227 2391 diebus
1246 2328 1312 2391 ibi-

360 2422 439 2486 dem
461 2425 622 2489 detentus
644 2433 720 2490 est:
745 2444 891 2507 cumque
912 2425 1086 2489 scholares
1110 2426 1206 2508 pueri
1228 2434 1311 2489 aute

360 2539 439 2584 eum
464 2525 593 2605 saepius
620 2525 819 2600 transirent,
840 2523 900 2587 ubi
923 2543 1002 2586 cum
1028 2525 1153 2587 abbate
1179 2531 1214 2586 et
1236 2544 1310 2587 ma-

356 2619 493 2702 joribus
516 2622 672 2685 ecclesiae
690 2622 844 2704 ejusdem
864 2622 1048 2697 residebat,
1062 2623 1226 2704 puerulus
1251 2622 1312 2686 ille

359 2720 539 2799 parvulus
548 2721 721 2800 protensis
735 2720 777 2782 ad
790 2740 867 2782 eum
880 2721 1051 2797 manibus,
1061 2740 1139 2783 cum
1148 2720 1317 2808 lacrymis¹

359 2818 576 2898 respiciebat,
595 2818 695 2900 quasi
720 2818 850 2899 aliquid
875 2825 996 2898 petens
1020 2820 1064 2881 ab
1088 2839 1140 2882 eo.
1205 2818 1309 2896 Quod

359 2914 442 2976 dum
464 2917 593 2997 saepius
618 2925 750 2997 ageret,
765 2918 871 2979 abbas
893 2916 985 2979 idem
1005 2917 1210 2997 parvitatem
1232 2917 1309 2999 ejus

359 3013 547 3090 admirans,
565 3015 762 3077 sciscitatus
785 3022 839 3077 est
856 3015 1047 3078 assidentes
1070 3016 1148 3089 sibi,
1167 3023 1205 3076 ut
1225 3015 1308 3095 quid

360 3117 431 3173 tam
468 3112 654 3191 parvulum
691 3113 872 3192 puerulum
902 3113 938 3173 in
978 3122 1148 3175 conventu
1181 3113 1309 3176 vellent

359 3208 512 3272 haberet
566 3210 637 3287 Qui
659 3211 887 3286 subridenteS,
914 3217 1005 3273 ‘non
1033 3211 1109 3285 est,'
1133 3212 1309 3291 inquiunt,

359 3307 532 3383 ‘domina
562 3309 642 3371 talis
671 3311 737 3370 iste
766 3309 932 3389 puerulus
962 3317 1000 3371 ut
1031 3310 1208 3371 existimas
1222 3309 1244 3386 ς’
1275 3319 1310 3372 ct

358 3414 590 3469 narraverunt
621 3407 653 3468 ei
684 3406 846 3468 damnum
873 3407 964 3486 quod
992 3408 1041 3469 eis
1069 3405 1247 3481 intulerat,
1275 3416 1310 3470 et

358 3503 508 3582 qualiter
525 3505 559 3564 in
570 3504 709 3584 pessulo
722 3522 821 3583 cupae
834 3504 966 3565 haerens
982 3505 1138 3566 manibus
1150 3504 1309 3568 inventus

358 3601 423 3671 sit;
451 3619 513 3662 seu
535 3601 685 3680 qualiter
699 3621 736 3662 se
753 3603 972 3676 continuerit,
990 3603 1121 3664 intrans
1139 3610 1174 3665 et
1189 3604 1310 3666 exiens

358 3698 448 3760 iuter
479 3717 548 3760 eos.
613 3698 748 3776 Quibus
778 3698 917 3773 auditis
949 3701 1055 3762 abbas
1089 3702 1244 3781 expavit,
1276 3712 1311 3764 et

358 3796 462 3859 altius
489 3796 729 3876 ingemiscens,
762 3797 1024 3874 ‘Quantocius’
1052 3798 1114 3872 ait,
1141 3805 1240 3860 ‘eum
1268 3799 1311 3860 de

358 3895 569 3958 monasterio
604 3896 778 3976 expellite,
814 3915 857 3958 ne
899 3897 1011 3978 majus
1043 3897 1218 3970 damnum,
1255 3896 1309 3957 vol

357 3994 601 4070 gravissimum
634 3995 818 4057 incurratis
852 3995 1053 4076 periculum.
1123 3993 1310 4056 Manil'estc
