3074 4508
488 332 678 380 rnonnnru
703 331 980 381 wrcoanmnsrs.
1148 318 1213 380 111

259 494 353 547 esset
371 505 576 566 possessura
593 496 785 568 paternum,
800 487 889 549 sicut
907 487 938 549 ei
956 488 1096 550 vivente
1113 496 1213 568 patre

262 583 376 647 l'uerat
387 585 557 667 juratum.
609 585 716 649 Initia
730 586 886 648 dolorum
909 585 993 649 haec.
1046 585 1126 649 Hoc
1143 586 1213 648 dis·

262 681 389 744 sidium
413 685 670 764 gravissimum,
694 685 799 747 immo
820 703 905 764 pene
925 683 1096 758 ultimum,
1123 685 1214 747 omni

262 781 387 860 patriae
412 783 531 845 intulit
557 782 752 844 excidium.¹
816 783 954 845 Interea
983 802 1045 844 rex
1072 783 1365 845 Scottiaennnnnss

262 878 393 954 David,
411 881 448 943 in
470 881 570 961 gravi
592 880 811 943 multitudine
834 881 1046 961 equestrium
1062 888 1097 943 et
1112 850 1361 961 pede-iiiiiiimd

263 977 400 1052 strium,
428 978 471 1041 de
499 981 628 1059 vagina
655 979 773 1041 finium
800 978 897 1059 regni
926 977 981 1042 sui
1008 979 1085 1061 jam
1112 980 1215 1042 tertio
1229 949 1336 999 ΜΝ

264 1093 439 1154 egressus,
474 1077 567 1140 circa
606 1078 770 1139 terminos
810 1076 1070 1159 Northymbriae
1109 1076 1218 1157 coepit

265 1193 360 1250 rura,
376 1175 516 1255 oppida,
539 1184 574 1238 et
596 1176 741 1239 castolla
764 1194 927 1249 cremare,
951 1184 986 1237 et
1011 1175 1081 1236 fere
1106 1183 1217 1238 totam

266 1278 393 1335 terram
410 1275 613 1338 devastare:
638 1276 698 1338 sed
712 1276 787 1357 jam
803 1275 866 1336 hac
883 1274 1006 1336 ultima
1029 1274 1116 1350 vice,
1137 1292 1216 1336 cum

266 1390 377 1451 usque
402 1373 596 1435 Eboracum
624 1382 660 1436 et
688 1373 892 1435 Humhriam
923 1373 1111 1434 minaretur
1136 1391 1218 1451 pro·

265 1488 437 1548 gressum,
456 1471 685 1533 Eboracensis
703 1472 980 1550 archiepiscopus
998 1469 1218 1532 Thurstanus

265 1568 477 1649 colloquium
494 1569 616 1631 hahuit
632 1589 708 1630 cum
724 1569 881 1631 omnibus
898 1567 940 1629 de
957 1567 1115 1630 Eboraca
1137 1586 1218 1649 pro·

266 1667 394 1743 vincia,
423 1667 575 1747 fecitque
609 1685 726 1729 omues
764 1667 936 1729 communi
976 1685 1146 1728 consensu
1182 1674 1218 1728 et

267 1767 412 1828 oonsilio
423 1767 661 1848 jurameutum
676 1766 712 1828 in
733 1766 824 1846 regis
846 1764 1013 1828 fidelitate
1037 1765 1161 1841 facere,
1177 1773 1218 1826 ut

267 1863 298 1923 ei
322 1865 533 1928 resisterent.
586 1865 675 1926 Inde
703 1872 819 1927 autem
844 1882 906 1926 rex
935 1862 1077 1927 Scottiae
1105 1864 1217 1943 magis
1229 1884 1276 1923 rie
1287 1884 1358 1922 rann

265 1959 437 2036 irritatuS,
453 1981 475 2024 a
490 1961 594 2024 nullis
621 1960 899 2024 dissuadentibus
922 1962 1038 2041 potuit
1053 1961 1217 2036 cohiberi,
1228 1935 1344 2022 imi-rr.

266 2058 328 2120 sed
354 2059 497 2122 veniens
520 2077 630 2140 usque
659 2059 797 2121 Teisam
823 2057 859 2120 in
885 2057 941 2120 die
961 2065 1054 2123 vl110.
1070 2058 1217 2121 Assum·

266 2156 397 2236 ptionis
421 2157 458 2223 S.
472 2158 596 2220 Mariae
613 2153 673 2239 [22
685 2155 808 2238 Aug.]‚
826 2175 904 2237 quae
927 2157 1012 2220 feria
1034 2173 1073 2219 11.
1089 2157 1217 2232 evenit,

267 2254 423 2318 decrevit
449 2263 585 2319 nostros
609 2274 861 2337 praeoccupare,
894 2255 975 2337 quia
1002 2256 1039 2318 in
1070 2255 1218 2318 articulo

266 2352 377 2433 ipsius
401 2353 469 2416 diei
492 2353 644 2415 maxima
666 2354 791 2417 nebula
813 2361 899 2416 erat.
951 2354 998 2418 Et
1019 2355 1069 2416 sic
1089 2373 1134 2416 ex
1153 2353 1218 2414 im-

184 2472 186 2474 ’
268 2451 409 2530 proviso
425 2469 463 2513 se
478 2459 661 2513 venturum
684 2470 787 2532 super
807 2451 902 2531 ipsos
918 2470 1074 2532 sperans,
1089 2451 1217 2513 multas

267 2548 372 2610 villas
394 2549 544 2612 intactas
567 2549 718 2628 reliquit,
740 2567 802 2612 nec
824 2568 918 2626 suoS,
935 2551 1025 2612 sicut
1048 2549 1218 2623 solebant,

267 2645 346 2726 ipsa
370 2647 426 2709 die
451 2647 582 2728 aliquid
607 2647 726 2710 ardere
747 2649 914 2729 permisit.
959 2647 1082 2710 Nostri
1101 2654 1220 2711 tamen

268 2745 368 2806 tarde
399 2764 422 2808 a
453 2746 603 2825 quodam
635 2747 804 2826 armigero
837 2747 1043 2828 praemoniti,
1070 2753 1104 2809 et
1130 2765 1218 2827 pene

177 2881 185 2892 -
268 2845 517 2924 praeoccupati,
533 2844 696 2906 citissime
713 2863 751 2906 se
766 2852 940 2907 armantes
957 2851 993 2906 et
1006 2844 1220 2918 ordinantes

267 2942 471 3022 sagittarios
493 2939 731 3023 praemiserunt
753 2950 832 3005 aute
855 2943 1001 3023 primam
1022 2942 1182 3015 frontem,
1199 2959 1222 3003 a

269 3027 396 3119 quibus
416 3040 516 3102 valde
535 3039 730 3102 Scottorum
745 3041 917 3103 exercitus
934 3040 1039 3102 laesus
1057 3048 1121 3102 est.
1151 3039 1221 3102 Ex-

268 3137 349 3200 inde
371 3137 438 3218 ipsi
465 3138 550 3216 regii
572 3138 718 3200 barones
745 3157 823 3200 cum
847 3138 1012 3200 militibus
1035 3137 1221 3218 progressi,

269 3236 331 3315 qui
342 3255 460 3298 omnes
476 3236 518 3298 de
534 3237 630 3316 equis
648 3237 720 3298 suis
735 3235 992 3310 descenderant,
1005 3242 1039 3297 et
1055 3237 1092 3298 in
1109 3236 1221 3316 prima

271 3341 371 3396 erant
401 3334 489 3409 acie,
514 3353 636 3396 manus
665 3341 699 3396 et
731 3353 826 3396 arma
857 3353 936 3396 cum
966 3333 1121 3395 hostibus
1157 3333 1220 3394 mi-

270 3441 448 3508 scuerunt,
479 3441 514 3494 et
545 3432 580 3493 iu
615 3432 691 3512 ipso
720 3433 828 3513 primo
861 3439 990 3512 puncto
1023 3430 1220 3494 certaminis

270 3528 373 3592 finem
390 3538 425 3593 et
442 3529 620 3594 victoriam
643 3530 807 3604 fecerunt,
822 3529 1023 3592 cedentibus
1040 3529 1105 3592 sibi
1122 3528 1222 3592 Scot-

270 3628 328 3702 tis,
352 3636 387 3690 et
413 3630 532 3691 statim
560 3627 617 3691 vel
643 3629 856 3703 cadentibus,
880 3628 935 3691 vel
962 3646 1039 3689 cum
1068 3629 1220 3689 maximo

270 3728 396 3788 timore
414 3725 638 3806 fugientibus
693 3726 814 3789 Nostri
836 3734 965 3799 autem,
984 3727 1066 3806 quia
1089 3725 1221 3805 pedites

270 3831 379 3898 erant,
407 3834 445 3897 et
476 3842 593 3885 omnes
621 3842 727 3902 equos
752 3842 832 3886 suos
859 3823 997 3902 longius
1025 3822 1149 3884 abduci
1175 3821 1222 3883 fe·

386 4045 392 4073 ¹
412 4046 610 4104 Interimsacta.
625 4081 631 4093 .
647 4043 806 4104 .exci‹lium.]
831 4044 894 4092 Aut.
906 4044 965 4093 edit.
991 4045 1020 4092 C.
1032 4045 1099 4092 omit.
