3074 4508
304 325 367 389 120
558 342 805 391 conrruuarro
828 341 1003 390 anaoruor

305 497 348 561 ad
371 507 509 582 portam
533 519 594 583 per
616 496 838 562 coemiterium
863 494 1130 574 deportavimus.
1180 492 1256 557 Ad·

305 600 448 662 versarii
473 598 684 681 conglobati,
702 592 923 659 accelerando
947 593 1120 655 munimen
1143 592 1256 673 quod·

305 695 384 759 dam
403 697 629 760 fortissimum
655 696 690 758 in
712 693 854 758 australi
877 700 977 773 parte
994 691 1156 764 civitatis,
1174 708 1255 770 pro·

305 802 382 874 pter
399 796 580 859 castellum
601 795 718 869 situm,
734 792 879 873 primum
895 791 1122 872 impugnant:
1145 788 1256 852 nostri

305 891 439 955 sortiter
454 900 489 956 et
500 893 647 956 viriliter
662 893 831 955 resistere.
870 889 1004 953 Hostes
1018 889 1096 951 indo
1113 886 1256 970 repulsi,

306 982 469 1069 quoniam
485 988 557 1052 olla
578 1008 745 1052 succensa
763 997 874 1064 erant,
891 987 991 1068 cujus
1007 987 1111 1051 facies
1129 1006 1151 1049 a
1168 985 1256 1048 facio

306 1086 491 1168 aquilonis,
515 1086 722 1167 aquilonalis
744 1085 854 1166 partis
882 1086 1035 1148 civitatis
1061 1085 1255 1165 ingressum

306 1183 458 1266 petunt.¹
529 1183 638 1247 Nullo
678 1185 839 1246 obstante
873 1183 1072 1258 munimine,
1104 1183 1254 1246 hostium

306 1283 554 1364 copiosissima,
576 1282 804 1357 rabidissima,
826 1289 861 1344 et
885 1289 962 1344 tota
983 1281 1119 1344 effrenis
1142 1280 1257 1344 multi-

306 1382 389 1445 tudo
416 1383 537 1459 intrat,
560 1383 596 1445 in
621 1380 766 1444 dirersis
792 1379 877 1442 locis
899 1381 1013 1460 ignem
1040 1380 1170 1442 aedibus
1193 1380 1256 1441 im-

305 1481 422 1543 mittit.
470 1481 563 1544 Proh
583 1481 693 1556 dolor,
711 1478 923 1542 comburitur
939 1498 1007 1542 non
1024 1479 1157 1541 modica
1173 1497 1256 1559 pars

305 1579 458 1642 civitatis
487 1599 550 1661 per
571 1580 661 1654 loca,
687 1579 745 1641 sed
771 1578 883 1660 major
900 1596 982 1659 pars
1007 1578 1130 1640 stando
1156 1585 1257 1658 paret

305 1676 431 1738 inusta.
484 1677 755 1758 supellectilium
771 1676 985 1738 diversarum
999 1677 1035 1737 in
1053 1677 1206 1750 civitate,
1221 1684 1256 1738 et

305 1773 339 1834 in
363 1775 502 1835 ruribus
528 1775 645 1849 boum,
661 1774 789 1847 ovium,
804 1774 1016 1847 animalium,
1037 1779 1072 1834 et
1088 1792 1256 1852 equorum

306 1869 346 1932 fit
359 1871 515 1933 maxima
534 1871 663 1953 praeda.
715 1870 863 1934 Plurimi
880 1890 942 1952 per
958 1871 1052 1933 vicos
1070 1879 1105 1934 et
1120 1871 1256 1953 plateas

306 1969 502 2051 capiuntur,
532 1977 567 2032 et
593 1970 689 2033 velut
716 1970 751 2031 in
765 1967 767 1970 ’
781 1967 906 2051 copula
934 1988 1058 2033 canum
1085 1970 1257 2032 constrin-

306 2060 447 2146 guntur,
472 2075 507 2131 et
531 2068 773 2132 miserabiliter
793 2069 1022 2131 abducuntur.
1075 2067 1173 2131 Licet
1195 2067 1256 2130 ha-

305 2165 422 2241 beant,
451 2166 533 2230 licet
560 2186 630 2229 non
658 2167 820 2240 habeant,
849 2174 1016 2246 quantum
1045 2165 1183 2228 crudele
1215 2184 1256 2227 os

304 2261 442 2324 illorum
471 2266 656 2339 censuerit,
678 2263 713 2325 in
743 2262 1013 2343 redemptionem
1036 2264 1091 2325 sui
1118 2263 1256 2345 jureju-

304 2360 412 2423 rando
422 2361 624 2442 promittere
642 2369 677 2423 et
687 2360 828 2423 reddere
844 2360 1109 2443 compelluntur.
1143 2360 1257 2424 Gesta

304 2464 386 2520 sunt
413 2452 487 2523 baec
514 2459 570 2523 dia
599 2478 671 2542 qua
695 2459 837 2522 intravit
861 2460 996 2535 bruma,
1020 2460 1153 2523 miseris
1180 2461 1256 2540 sine

303 2555 408 2620 dubio
433 2557 531 2620 dura.
583 2558 664 2621 Jam
693 2557 819 2638 praedis
843 2559 968 2640 captis,
994 2557 1256 2640 quampluribus

303 2652 436 2718 aedibus
466 2652 580 2732 arsis,
597 2658 649 2720 sic
682 2655 894 2719 debacchata
927 2663 1081 2720 remeant
1110 2657 1257 2720 rabidis-

303 2752 392 2815 sima
420 2761 550 2829 castra,
575 2754 611 2816 in
634 2772 743 2836 prava
765 2773 849 2817 cura
871 2754 934 2817 tali
961 2773 1138 2835 uunquam
1163 2755 1255 2818 redi-

302 2855 394 2913 tura.
452 2851 655 2915 Tricesimo
687 2851 742 2915 die
778 2853 906 2915 mensis
940 2850 1110 2917 Novemb.
1139 2871 1256 2916 comes

303 2948 456 3011 civitatis
488 2949 694 3030 Wigornam
724 2951 829 3024 yenit,
852 2952 1133 3015 combustionem
1169 2951 1255 3014 civi·

303 3047 398 3122 tatis,
412 3054 453 3110 ut
467 3048 566 3123 vidit,
580 3048 741 3123 indoluit,
757 3049 801 3110 ad
824 3048 985 3130 iujuriam
1009 3051 1063 3111 sni
1079 3048 1115 3112 id
1137 3056 1255 3113 actum

302 3143 374 3206 fore
403 3147 586 3225 persensit.
639 3146 741 3210 Unda
771 3146 946 3210 vindicare
973 3166 1011 3209 se
1036 3148 1168 3222 volens,
1193 3148 1257 3210 sti-

301 3251 406 3322 patus
421 3262 529 3306 mann
546 3245 694 3308 militum
710 3242 946 3325 Suthlegiam²
964 3245 1068 3318 adiit;
1097 3245 1257 3308 audierat

303 3340 393 3402 enim
413 3341 436 3404 J
440 3342 611 3406 ohannem
632 3343 781 3407 Haroldi
803 3343 923 3418 filium,
940 3342 1075 3407 deserto
1101 3362 1195 3425 rege,
1211 3344 1255 3405 ad

304 3435 607 3504 Glaucestrensem
638 3442 797 3504 comitem
829 3441 1034 3516 divertisse3
1069 3441 1140 3502 ubi
1171 3442 1254 3521 qnid

301 3554 415 3599 comes
425 3541 536 3618 egerit
547 3540 577 3601 si
589 3540 766 3621 quaeritur,
776 3539 837 3601 vix
850 3539 1024 3601 memoriae
1035 3538 1258 3601 tradendum:

301 3633 432 3697 malum
449 3656 511 3717 pro
539 3637 631 3700 malo
658 3636 819 3711 reddidit,
842 3637 878 3697 iu
894 3636 1091 3699 hominibus
1107 3656 1186 3700 oum
1203 3656 1258 3699 re·

302 3732 365 3794 bus
381 3751 500 3797 eorum
516 3744 551 3798 et
568 3734 776 3799 animalibus
792 3735 946 3816 praedam
963 3736 1036 3815 egit
1047 3743 1082 3797 et
1097 3734 1259 3812 abduxit,

301 3839 335 3892 et
368 3833 521 3895 crastino
553 3833 755 3913 Wigornam
788 3833 900 3895 rediit.
954 3832 1041 3896 Post
1072 3833 1146 3897 haec
1181 3852 1260 3906 rex,

335 3999 341 4028 ¹
361 4004 651 4071 Hostes....petuat.]
678 4009 711 4055 So
736 4009 766 4056 C.
791 4003 1261 4068 ‘eraut’isapparentlyanerroriur

298 4071 347 4118 and
370 4074 429 4122 edit.
466 4077 495 4123 C.
520 4077 595 4123 omits
618 4078 650 4123 ‘a
674 4076 766 4134 facie;'
791 4071 879 4124 ‘erat'
931 4072 1134 4135 ²Satlilep,⁷r'mrr.]
1152 4074 1259 4147 Sudely·
