<?xml version="1.0" encoding="UTF-8"?>
<!DOCTYPE html PUBLIC "-//W3C//DTD XHTML 1.0 Transitional//EN"
    "http://www.w3.org/TR/xhtml1/DTD/xhtml1-transitional.dtd">
<html xmlns="http://www.w3.org/1999/xhtml" xml:lang="en" lang="en">
 <head>
  <title>
</title>
<meta http-equiv="Content-Type" content="text/html;charset=utf-8" />
  <meta name='ocr-system' content='tesseract 3.04.00' />
  <meta name='ocr-capabilities' content='ocr_page ocr_carea ocr_par ocr_line ocrx_word'/>
</head>
<body>
  <div class='ocr_page' id='page_1' title='image "./florentiiwigorn01florgoog_0265.png"; bbox 0 0 3074 4508; ppageno 0'>
   <div class='ocr_carea' id='block_1_1' title="bbox 371 345 1072 408">
    <p class='ocr_par' dir='ltr' id='par_1_1' title="bbox 371 345 1072 408">
     <span class='ocr_line' id='line_1_1' title="bbox 371 345 1072 408; baseline -0.01 0"><span class='ocrx_word' id='word_1_1' title='bbox 371 345 436 408; x_wconf 79' lang='lat'><strong>240</strong></span> <span class='ocrx_word' id='word_1_2' title='bbox 617 355 869 405; x_wconf 75' lang='lat' dir='ltr'><strong>courruuarro</strong></span> <span class='ocrx_word' id='word_1_3' title='bbox 896 352 1072 402; x_wconf 80' lang='lat' dir='ltr'><strong>cuuourcr</strong></span> 
     </span>
    </p>
   </div>
   <div class='ocr_carea' id='block_1_2' title="bbox 203 507 1325 3623">
    <p class='ocr_par' dir='ltr' id='par_1_2' title="bbox 370 507 1325 594">
     <span class='ocr_line' id='line_1_2' title="bbox 370 507 1325 594; baseline -0.007 -19"><span class='ocrx_word' id='word_1_4' title='bbox 370 512 593 577; x_wconf 88' lang='lat' dir='ltr'><strong>multitudine</strong></span> <span class='ocrx_word' id='word_1_5' title='bbox 615 513 767 594; x_wconf 86' lang='lat' dir='ltr'><strong>copiosa,</strong></span> <span class='ocrx_word' id='word_1_6' title='bbox 796 511 1076 593; x_wconf 84' lang='lat' dir='ltr'><strong>archiepiscopus</strong></span> <span class='ocrx_word' id='word_1_7' title='bbox 1103 507 1261 572; x_wconf 87' lang='lat' dir='ltr'><strong>Coloniae</strong></span> <span class='ocrx_word' id='word_1_8' title='bbox 1289 514 1325 569; x_wconf 88' lang='lat' dir='ltr'><strong>et</strong></span> 
     </span>
    </p>

    <p class='ocr_par' dir='ltr' id='par_1_3' title="bbox 370 604 1324 691">
     <span class='ocr_line' id='line_1_3' title="bbox 370 604 1324 691; baseline -0.007 -18"><span class='ocrx_word' id='word_1_9' title='bbox 370 630 484 674; x_wconf 87' lang='lat' dir='ltr'><strong>comes</strong></span> <span class='ocrx_word' id='word_1_10' title='bbox 507 612 549 674; x_wconf 89' lang='lat' dir='ltr'><strong>de</strong></span> <span class='ocrx_word' id='word_1_11' title='bbox 573 611 680 674; x_wconf 90' lang='lat' dir='ltr'><strong>Gelre</strong></span> <span class='ocrx_word' id='word_1_12' title='bbox 701 611 897 691; x_wconf 88' lang='lat' dir='ltr'><strong>capiuntur,</strong></span> <span class='ocrx_word' id='word_1_13' title='bbox 922 616 959 672; x_wconf 90' lang='lat' dir='ltr'><strong>et</strong></span> <span class='ocrx_word' id='word_1_14' title='bbox 985 609 1020 670; x_wconf 91' lang='lat' dir='ltr'><strong>in</strong></span> <span class='ocrx_word' id='word_1_15' title='bbox 1043 606 1201 670; x_wconf 88' lang='lat' dir='ltr'><strong>custodia</strong></span> <span class='ocrx_word' id='word_1_16' title='bbox 1226 604 1324 667; x_wconf 83' lang='lat' dir='ltr'><strong>ducis</strong></span> 
     </span>
    </p>

    <p class='ocr_par' dir='ltr' id='par_1_4' title="bbox 372 702 1325 787">
     <span class='ocr_line' id='line_1_4' title="bbox 372 702 1325 787; baseline -0.005 -18"><span class='ocrx_word' id='word_1_17' title='bbox 372 708 622 770; x_wconf 89' lang='lat' dir='ltr'><strong>Brabantensis</strong></span> <span class='ocrx_word' id='word_1_18' title='bbox 666 709 912 772; x_wconf 86' lang='lat' dir='ltr'><strong>retruduntur:</strong></span> <span class='ocrx_word' id='word_1_19' title='bbox 954 706 1073 787; x_wconf 90' lang='lat' dir='ltr'><strong>sicque</strong></span> <span class='ocrx_word' id='word_1_20' title='bbox 1117 702 1325 767; x_wconf 86' lang='lat' dir='ltr'><strong>Brabantini</strong></span> 
     </span>
    </p>

    <p class='ocr_par' dir='ltr' id='par_1_5' title="bbox 370 804 1323 885">
     <span class='ocr_line' id='line_1_5' title="bbox 370 804 1323 885; baseline -0.004 -19"><span class='ocrx_word' id='word_1_21' title='bbox 370 813 492 885; x_wconf 88' lang='lat' dir='ltr'><strong>optata</strong></span> <span class='ocrx_word' id='word_1_22' title='bbox 517 806 620 885; x_wconf 88' lang='lat' dir='ltr'><strong>potiti</strong></span> <span class='ocrx_word' id='word_1_23' title='bbox 635 815 718 867; x_wconf 91' lang='lat' dir='ltr'><strong>sunt</strong></span> <span class='ocrx_word' id='word_1_24' title='bbox 739 806 893 869; x_wconf 84' lang='lat' dir='ltr'><strong>victoria.</strong></span> <span class='ocrx_word' id='word_1_25' title='bbox 948 804 1107 866; x_wconf 84' lang='lat' dir='ltr'><strong>Maxima</strong></span> <span class='ocrx_word' id='word_1_26' title='bbox 1132 820 1214 884; x_wconf 88' lang='lat' dir='ltr'><strong>pars</strong></span> <span class='ocrx_word' id='word_1_27' title='bbox 1238 820 1323 863; x_wconf 91' lang='lat' dir='ltr'><strong>nun·</strong></span> 
     </span>
    </p>

    <p class='ocr_par' dir='ltr' id='par_1_6' title="bbox 370 899 1323 978">
     <span class='ocr_line' id='line_1_6' title="bbox 370 899 1323 978; baseline -0.002 -16"><span class='ocrx_word' id='word_1_28' title='bbox 370 901 531 964; x_wconf 89' lang='lat' dir='ltr'><strong>dinarum</strong></span> <span class='ocrx_word' id='word_1_29' title='bbox 555 902 591 965; x_wconf 88' lang='lat' dir='ltr'><strong>S.</strong></span> <span class='ocrx_word' id='word_1_30' title='bbox 615 902 759 978; x_wconf 89' lang='lat' dir='ltr'><strong>Botulfi,</strong></span> <span class='ocrx_word' id='word_1_31' title='bbox 790 922 859 965; x_wconf 87' lang='lat' dir='ltr'><strong>una</strong></span> <span class='ocrx_word' id='word_1_32' title='bbox 888 921 967 965; x_wconf 92' lang='lat' dir='ltr'><strong>cum</strong></span> <span class='ocrx_word' id='word_1_33' title='bbox 991 902 1149 965; x_wconf 84' lang='lat' dir='ltr'>domibus</span> <span class='ocrx_word' id='word_1_34' title='bbox 1177 899 1323 962; x_wconf 85' lang='lat' dir='ltr'><strong>fratrum</strong></span> 
     </span>
    </p>

    <p class='ocr_par' dir='ltr' id='par_1_7' title="bbox 370 994 1321 1082">
     <span class='ocr_line' id='line_1_7' title="bbox 370 994 1321 1082; baseline 0.001 -23"><span class='ocrx_word' id='word_1_35' title='bbox 370 1000 649 1080; x_wconf 81' lang='lat' dir='ltr'><strong>praedicatorum,</strong></span> <span class='ocrx_word' id='word_1_36' title='bbox 684 1001 720 1062; x_wconf 92' lang='lat' dir='ltr'><strong>in</strong></span> <span class='ocrx_word' id='word_1_37' title='bbox 750 1001 902 1064; x_wconf 87' lang='lat' dir='ltr'><strong>crastino</strong></span> <span class='ocrx_word' id='word_1_38' title='bbox 932 999 968 1062; x_wconf 91' lang='lat' dir='ltr'><strong>S.</strong></span> <span class='ocrx_word' id='word_1_39' title='bbox 990 998 1114 1062; x_wconf 85' lang='lat' dir='ltr'><strong>Jacobi</strong></span> <span class='ocrx_word' id='word_1_40' title='bbox 1140 994 1201 1081; x_wconf 82' lang='lat'><strong>[26</strong></span> <span class='ocrx_word' id='word_1_41' title='bbox 1230 995 1321 1082; x_wconf 89' lang='lat' dir='ltr'><strong>Jul.]</strong></span> 
     </span>
    </p>

    <p class='ocr_par' dir='ltr' id='par_1_8' title="bbox 208 1092 1323 1181">
     <span class='ocr_line' id='line_1_8' title="bbox 208 1092 1323 1181; baseline 0 -24"><span class='ocrx_word' id='word_1_42' title='bbox 208 1118 326 1167; x_wconf 63' lang='lat' dir='ltr'><strong>arnan</strong></span> <span class='ocrx_word' id='word_1_43' title='bbox 370 1098 449 1177; x_wconf 79' lang='lat' dir='ltr'><strong>igne</strong></span> <span class='ocrx_word' id='word_1_44' title='bbox 461 1107 666 1179; x_wconf 87' lang='lat' dir='ltr'><strong>consumpta</strong></span> <span class='ocrx_word' id='word_1_45' title='bbox 682 1106 745 1173; x_wconf 87' lang='lat' dir='ltr'><strong>est.</strong></span> <span class='ocrx_word' id='word_1_46' title='bbox 779 1097 910 1176; x_wconf 88' lang='lat' dir='ltr'><strong>Quinto</strong></span> <span class='ocrx_word' id='word_1_47' title='bbox 928 1096 974 1161; x_wconf 89' lang='lat' dir='ltr'><strong>id.</strong></span> <span class='ocrx_word' id='word_1_48' title='bbox 991 1096 1131 1160; x_wconf 86' lang='lat' dir='ltr'>Octobr.</span> <span class='ocrx_word' id='word_1_49' title='bbox 1150 1092 1208 1180; x_wconf 93' lang='grc'><strong>[11</strong></span> <span class='ocrx_word' id='word_1_50' title='bbox 1228 1094 1323 1181; x_wconf 77' lang='lat' dir='ltr'><strong>Oct]</strong></span> 
     </span>
    </p>

    <p class='ocr_par' dir='ltr' id='par_1_9' title="bbox 205 1169 1324 1277">
     <span class='ocr_line' id='line_1_9' title="bbox 205 1169 1324 1277; baseline -0.001 -21"><span class='ocrx_word' id='word_1_51' title='bbox 205 1169 322 1208; x_wconf 45' lang='grc' dir='ltr'><strong>’ΜΝ</strong></span> <span class='ocrx_word' id='word_1_52' title='bbox 371 1195 464 1258; x_wconf 84' lang='lat' dir='ltr'><strong>facta</strong></span> <span class='ocrx_word' id='word_1_53' title='bbox 485 1204 538 1259; x_wconf 88' lang='lat' dir='ltr'><strong>est</strong></span> <span class='ocrx_word' id='word_1_54' title='bbox 558 1196 695 1276; x_wconf 87' lang='lat' dir='ltr'><strong>eclipsis</strong></span> <span class='ocrx_word' id='word_1_55' title='bbox 712 1196 804 1260; x_wconf 85' lang='lat' dir='ltr'><strong>lunae</strong></span> <span class='ocrx_word' id='word_1_56' title='bbox 821 1215 908 1277; x_wconf 89' lang='lat' dir='ltr'><strong>pene</strong></span> <span class='ocrx_word' id='word_1_57' title='bbox 932 1194 1151 1269; x_wconf 85' lang='lat' dir='ltr'><strong>universalis,</strong></span> <span class='ocrx_word' id='word_1_58' title='bbox 1168 1193 1324 1256; x_wconf 83' lang='lat' dir='ltr'><strong>duravit·</strong></span> 
     </span>
    </p>

    <p class='ocr_par' dir='ltr' id='par_1_10' title="bbox 371 1291 1323 1376">
     <span class='ocr_line' id='line_1_10' title="bbox 371 1291 1323 1376; baseline -0.001 -22"><span class='ocrx_word' id='word_1_59' title='bbox 371 1312 438 1374; x_wconf 90' lang='lat' dir='ltr'><strong>que</strong></span> <span class='ocrx_word' id='word_1_60' title='bbox 464 1292 534 1356; x_wconf 84' lang='lat' dir='ltr'><strong>sere</strong></span> <span class='ocrx_word' id='word_1_61' title='bbox 562 1301 643 1376; x_wconf 89' lang='lat' dir='ltr'><strong>post</strong></span> <span class='ocrx_word' id='word_1_62' title='bbox 669 1295 780 1356; x_wconf 90' lang='lat' dir='ltr'><strong>noctis</strong></span> <span class='ocrx_word' id='word_1_63' title='bbox 809 1293 960 1356; x_wconf 91' lang='lat' dir='ltr'><strong>medium</strong></span> <span class='ocrx_word' id='word_1_64' title='bbox 984 1291 1161 1374; x_wconf 91' lang='lat' dir='ltr'><strong>usquead</strong></span> <span class='ocrx_word' id='word_1_65' title='bbox 1187 1309 1323 1354; x_wconf 76' lang='lat' dir='ltr'><strong>aurorae</strong></span> 
     </span>
    </p>

    <p class='ocr_par' dir='ltr' id='par_1_11' title="bbox 371 1389 1323 1567">
     <span class='ocr_line' id='line_1_11' title="bbox 371 1389 1323 1472; baseline -0.002 -18"><span class='ocrx_word' id='word_1_66' title='bbox 371 1398 541 1454; x_wconf 79' lang='lat' dir='ltr'><strong>exortum.</strong></span> <span class='ocrx_word' id='word_1_67' title='bbox 585 1391 754 1454; x_wconf 88' lang='lat' dir='ltr'><strong>Dominus</strong></span> <span class='ocrx_word' id='word_1_68' title='bbox 772 1410 835 1454; x_wconf 85' lang='lat' dir='ltr'><strong>rex</strong></span> <span class='ocrx_word' id='word_1_69' title='bbox 851 1391 944 1472; x_wconf 89' lang='lat' dir='ltr'><strong>apud</strong></span> <span class='ocrx_word' id='word_1_70' title='bbox 960 1390 1166 1470; x_wconf 84' lang='lat' dir='ltr'><strong>Belegarde,</strong></span> <span class='ocrx_word' id='word_1_71' title='bbox 1178 1389 1214 1452; x_wconf 91' lang='lat' dir='ltr'><strong>in</strong></span> <span class='ocrx_word' id='word_1_72' title='bbox 1229 1395 1323 1452; x_wconf 86' lang='lat' dir='ltr'><strong>terra</strong></span> 
     </span>
     <span class='ocr_line' id='line_1_12' title="bbox 372 1487 1187 1567; baseline -0.002 -15"><span class='ocrx_word' id='word_1_73' title='bbox 372 1491 563 1567; x_wconf 88' lang='lat' dir='ltr'><strong>Biernensi,</strong></span> <span class='ocrx_word' id='word_1_74' title='bbox 581 1489 814 1554; x_wconf 80' lang='lat' dir='ltr'><strong>Nativitatem</strong></span> <span class='ocrx_word' id='word_1_75' title='bbox 832 1489 973 1552; x_wconf 90' lang='lat' dir='ltr'><strong>Domini</strong></span> <span class='ocrx_word' id='word_1_76' title='bbox 990 1487 1187 1551; x_wconf 85' lang='lat' dir='ltr'><strong>celebravit.</strong></span> 
     </span>
    </p>

    <p class='ocr_par' dir='ltr' id='par_1_12' title="bbox 218 1585 1323 1653">
     <span class='ocr_line' id='line_1_13' title="bbox 218 1585 1323 1653; baseline -0.001 -5"><span class='ocrx_word' id='word_1_77' title='bbox 218 1609 348 1649; x_wconf 53' lang='lat' dir='ltr'><strong>nnana</strong></span> <span class='ocrx_word' id='word_1_78' title='bbox 423 1589 546 1653; x_wconf 88' lang='lat' dir='ltr'><strong>Mense</strong></span> <span class='ocrx_word' id='word_1_79' title='bbox 585 1588 753 1652; x_wconf 87' lang='lat' dir='ltr'><strong>Februar.</strong></span> <span class='ocrx_word' id='word_1_80' title='bbox 793 1589 885 1651; x_wconf 89' lang='lat' dir='ltr'><strong>circa</strong></span> <span class='ocrx_word' id='word_1_81' title='bbox 924 1587 1049 1649; x_wconf 79' lang='lat' dir='ltr'><strong>festum</strong></span> <span class='ocrx_word' id='word_1_82' title='bbox 1090 1586 1125 1649; x_wconf 90' lang='lat' dir='ltr'><strong>S.</strong></span> <span class='ocrx_word' id='word_1_83' title='bbox 1155 1585 1323 1649; x_wconf 87' lang='lat' dir='ltr'><strong>Petri-in·</strong></span> 
     </span>
    </p>

    <p class='ocr_par' dir='ltr' id='par_1_13' title="bbox 205 1673 1324 1771">
     <span class='ocr_line' id='line_1_14' title="bbox 205 1673 1324 1771; baseline 0 -25"><span class='ocrx_word' id='word_1_84' title='bbox 205 1673 318 1761; x_wconf 56' lang='lat' dir='ltr'><strong>fb‘ffilssld&#39;</strong></span> <span class='ocrx_word' id='word_1_85' title='bbox 372 1684 548 1749; x_wconf 79' lang='lat' dir='ltr'><strong>cathedra</strong></span> <span class='ocrx_word' id='word_1_86' title='bbox 567 1682 626 1767; x_wconf 60' lang='lat'><strong>[22</strong></span> <span class='ocrx_word' id='word_1_87' title='bbox 645 1685 758 1771; x_wconf 88' lang='lat' dir='ltr'><strong>Feb.],</strong></span> <span class='ocrx_word' id='word_1_88' title='bbox 782 1686 1011 1764; x_wconf 81' lang='lat' dir='ltr'><strong>Reginaldus‚</strong></span> <span class='ocrx_word' id='word_1_89' title='bbox 1031 1685 1138 1746; x_wconf 90' lang='lat' dir='ltr'><strong>abbas</strong></span> <span class='ocrx_word' id='word_1_90' title='bbox 1149 1683 1192 1746; x_wconf 90' lang='lat' dir='ltr'><strong>de</strong></span> <span class='ocrx_word' id='word_1_91' title='bbox 1206 1683 1324 1746; x_wconf 87' lang='lat' dir='ltr'><strong>Walt-</strong></span> 
     </span>
    </p>

    <p class='ocr_par' dir='ltr' id='par_1_14' title="bbox 205 1771 1324 1862">
     <span class='ocr_line' id='line_1_15' title="bbox 205 1771 1324 1862; baseline 0.001 -20"><span class='ocrx_word' id='word_1_92' title='bbox 205 1771 321 1861; x_wconf 53' lang='lat' dir='ltr'><strong>{lffllffl&#39;</strong></span> <span class='ocrx_word' id='word_1_93' title='bbox 372 1781 461 1856; x_wconf 90' lang='lat' dir='ltr'><strong>ham,</strong></span> <span class='ocrx_word' id='word_1_94' title='bbox 482 1783 563 1846; x_wconf 83' lang='lat' dir='ltr'><strong>vitae</strong></span> <span class='ocrx_word' id='word_1_95' title='bbox 590 1784 777 1844; x_wconf 89' lang='lat' dir='ltr'><strong>terminum</strong></span> <span class='ocrx_word' id='word_1_96' title='bbox 798 1782 892 1856; x_wconf 81' lang='lat' dir='ltr'><strong>lecit,</strong></span> <span class='ocrx_word' id='word_1_97' title='bbox 913 1780 1140 1862; x_wconf 89' lang='lat' dir='ltr'><strong>sepultusque</strong></span> <span class='ocrx_word' id='word_1_98' title='bbox 1158 1787 1212 1844; x_wconf 90' lang='lat' dir='ltr'><strong>est</strong></span> <span class='ocrx_word' id='word_1_99' title='bbox 1229 1781 1324 1861; x_wconf 89' lang='lat' dir='ltr'><strong>apud</strong></span> 
     </span>
    </p>

    <p class='ocr_par' dir='ltr' id='par_1_15' title="bbox 370 1873 1324 1962">
     <span class='ocr_line' id='line_1_16' title="bbox 370 1873 1324 1962; baseline 0.002 -21"><span class='ocrx_word' id='word_1_100' title='bbox 370 1878 549 1943; x_wconf 89' lang='lat' dir='ltr'><strong>Waltham</strong></span> <span class='ocrx_word' id='word_1_101' title='bbox 580 1880 616 1942; x_wconf 91' lang='lat' dir='ltr'><strong>in</strong></span> <span class='ocrx_word' id='word_1_102' title='bbox 649 1881 802 1943; x_wconf 87' lang='lat' dir='ltr'><strong>crastino</strong></span> <span class='ocrx_word' id='word_1_103' title='bbox 831 1879 867 1944; x_wconf 88' lang='lat' dir='ltr'><strong>S.</strong></span> <span class='ocrx_word' id='word_1_104' title='bbox 882 1879 1047 1943; x_wconf 85' lang='lat' dir='ltr'><strong>Matthaei</strong></span> <span class='ocrx_word' id='word_1_105' title='bbox 1071 1878 1236 1960; x_wconf 87' lang='lat' dir='ltr'><strong>Apostoli</strong></span> <span class='ocrx_word' id='word_1_106' title='bbox 1263 1873 1324 1962; x_wconf 80' lang='lat'><strong>[22</strong></span> 
     </span>
    </p>

    <p class='ocr_par' dir='ltr' id='par_1_16' title="bbox 370 1974 1324 2063">
     <span class='ocr_line' id='line_1_17' title="bbox 370 1974 1324 2063; baseline 0.003 -26"><span class='ocrx_word' id='word_1_107' title='bbox 370 1974 507 2063; x_wconf 88' lang='lat' dir='ltr'><strong>Sept.];</strong></span> <span class='ocrx_word' id='word_1_108' title='bbox 531 1979 587 2042; x_wconf 91' lang='lat' dir='ltr'><strong>cui</strong></span> <span class='ocrx_word' id='word_1_109' title='bbox 601 1979 769 2042; x_wconf 85' lang='lat' dir='ltr'><strong>successit</strong></span> <span class='ocrx_word' id='word_1_110' title='bbox 785 1977 962 2042; x_wconf 87' lang='lat' dir='ltr'><strong>Robertus</strong></span> <span class='ocrx_word' id='word_1_111' title='bbox 980 1977 1023 2040; x_wconf 90' lang='lat' dir='ltr'><strong>de</strong></span> <span class='ocrx_word' id='word_1_112' title='bbox 1038 1977 1216 2059; x_wconf 81' lang='lat' dir='ltr'><strong>Elington,</strong></span> <span class='ocrx_word' id='word_1_113' title='bbox 1232 1976 1324 2059; x_wconf 89' lang='lat' dir='ltr'><strong>ejus-</strong></span> 
     </span>
    </p>

    <p class='ocr_par' dir='ltr' id='par_1_17' title="bbox 204 2073 1323 2156">
     <span class='ocr_line' id='line_1_18' title="bbox 204 2073 1323 2156; baseline 0.004 -23"><span class='ocrx_word' id='word_1_114' title='bbox 204 2095 314 2144; x_wconf 62' lang='lat' dir='ltr'><strong>nnnng</strong></span> <span class='ocrx_word' id='word_1_115' title='bbox 369 2074 446 2137; x_wconf 88' lang='lat' dir='ltr'><strong>dem</strong></span> <span class='ocrx_word' id='word_1_116' title='bbox 462 2076 530 2140; x_wconf 94' lang='lat' dir='ltr'><strong>loci</strong></span> <span class='ocrx_word' id='word_1_117' title='bbox 550 2077 749 2140; x_wconf 85' lang='lat' dir='ltr'><strong>canonicus.</strong></span> <span class='ocrx_word' id='word_1_118' title='bbox 787 2076 959 2140; x_wconf 90' lang='lat' dir='ltr'><strong>Dominus</strong></span> <span class='ocrx_word' id='word_1_119' title='bbox 981 2095 1045 2139; x_wconf 82' lang='lat' dir='ltr'><strong>rex</strong></span> <span class='ocrx_word' id='word_1_120' title='bbox 1065 2073 1162 2139; x_wconf 91' lang='lat' dir='ltr'><strong>cum¹</strong></span> <span class='ocrx_word' id='word_1_121' title='bbox 1180 2075 1323 2156; x_wconf 82' lang='lat' dir='ltr'><strong>regina,</strong></span> 
     </span>
    </p>

    <p class='ocr_par' dir='ltr' id='par_1_18' title="bbox 203 2145 1323 2254">
     <span class='ocr_line' id='line_1_19' title="bbox 203 2145 1323 2254; baseline 0.004 -22"><span class='ocrx_word' id='word_1_122' title='bbox 203 2145 325 2233; x_wconf 58' lang='lat' dir='ltr'><strong>fflssn</strong></span> <span class='ocrx_word' id='word_1_123' title='bbox 369 2181 495 2253; x_wconf 87' lang='lat' dir='ltr'><strong>quarto</strong></span> <span class='ocrx_word' id='word_1_124' title='bbox 520 2193 541 2237; x_wconf 88' lang='lat' dir='ltr'><strong>a</strong></span> <span class='ocrx_word' id='word_1_125' title='bbox 565 2174 861 2238; x_wconf 82' lang='lat' dir='ltr'><strong>transfretationis</strong></span> <span class='ocrx_word' id='word_1_126' title='bbox 884 2193 957 2237; x_wconf 87' lang='lat' dir='ltr'><strong>suae</strong></span> <span class='ocrx_word' id='word_1_127' title='bbox 978 2193 1082 2249; x_wconf 88' lang='lat' dir='ltr'><strong>anno,</strong></span> <span class='ocrx_word' id='word_1_128' title='bbox 1106 2172 1218 2254; x_wconf 82' lang='lat' dir='ltr'><strong>pridie</strong></span> <span class='ocrx_word' id='word_1_129' title='bbox 1243 2172 1323 2236; x_wconf 89' lang='lat' dir='ltr'><strong>idus</strong></span> 
     </span>
    </p>

    <p class='ocr_par' dir='ltr' id='par_1_19' title="bbox 206 2242 1322 2352">
     <span class='ocr_line' id='line_1_20' title="bbox 206 2242 1322 2352; baseline 0.002 -21"><span class='ocrx_word' id='word_1_130' title='bbox 206 2242 312 2291; x_wconf 55' lang='lat' dir='ltr'><strong>Eum</strong></span> <span class='ocrx_word' id='word_1_131' title='bbox 368 2267 523 2350; x_wconf 83' lang='lat' dir='ltr'><strong>Augusti</strong></span> <span class='ocrx_word' id='word_1_132' title='bbox 549 2271 607 2346; x_wconf 82' lang='lat'><strong>[12</strong></span> <span class='ocrx_word' id='word_1_133' title='bbox 629 2268 740 2352; x_wconf 63' lang='lat' dir='ltr'><strong>Aug]</strong></span> <span class='ocrx_word' id='word_1_134' title='bbox 766 2271 859 2351; x_wconf 89' lang='lat' dir='ltr'><strong>apud</strong></span> <span class='ocrx_word' id='word_1_135' title='bbox 881 2271 1070 2334; x_wconf 84' lang='lat' dir='ltr'><strong>Doveriam</strong></span> <span class='ocrx_word' id='word_1_136' title='bbox 1095 2270 1265 2351; x_wconf 86' lang='lat' dir='ltr'><strong>applicuit</strong></span> <span class='ocrx_word' id='word_1_137' title='bbox 1285 2271 1322 2333; x_wconf 91' lang='lat' dir='ltr'><strong>in</strong></span> 
     </span>
    </p>

    <p class='ocr_par' dir='ltr' id='par_1_20' title="bbox 367 2363 1322 2449">
     <span class='ocr_line' id='line_1_21' title="bbox 367 2363 1322 2449; baseline 0.004 -22"><span class='ocrx_word' id='word_1_138' title='bbox 367 2363 515 2448; x_wconf 84' lang='lat' dir='ltr'><strong>Anglia,</strong></span> <span class='ocrx_word' id='word_1_139' title='bbox 532 2386 701 2448; x_wconf 88' lang='lat' dir='ltr'><strong>moraque</strong></span> <span class='ocrx_word' id='word_1_140' title='bbox 722 2367 758 2429; x_wconf 88' lang='lat' dir='ltr'><strong>in</strong></span> <span class='ocrx_word' id='word_1_141' title='bbox 779 2366 919 2443; x_wconf 79' lang='lat' dir='ltr'><strong>cantia,</strong></span> <span class='ocrx_word' id='word_1_142' title='bbox 943 2374 978 2431; x_wconf 90' lang='lat' dir='ltr'><strong>et</strong></span> <span class='ocrx_word' id='word_1_143' title='bbox 1000 2376 1123 2449; x_wconf 86' lang='lat' dir='ltr'><strong>postea</strong></span> <span class='ocrx_word' id='word_1_144' title='bbox 1144 2368 1180 2430; x_wconf 92' lang='lat' dir='ltr'><strong>in</strong></span> <span class='ocrx_word' id='word_1_145' title='bbox 1197 2368 1322 2442; x_wconf 70' lang='lat' dir='ltr'><strong>Esses,</strong></span> 
     </span>
    </p>

    <p class='ocr_par' dir='ltr' id='par_1_21' title="bbox 367 2461 1323 2550">
     <span class='ocr_line' id='line_1_22' title="bbox 367 2461 1323 2550; baseline 0.003 -24"><span class='ocrx_word' id='word_1_146' title='bbox 367 2463 622 2546; x_wconf 86' lang='lat' dir='ltr'><strong>aliquantulum</strong></span> <span class='ocrx_word' id='word_1_147' title='bbox 662 2471 854 2546; x_wconf 87' lang='lat' dir='ltr'><strong>protracta,</strong></span> <span class='ocrx_word' id='word_1_148' title='bbox 894 2466 950 2529; x_wconf 89' lang='lat' dir='ltr'><strong>die</strong></span> <span class='ocrx_word' id='word_1_149' title='bbox 990 2465 1026 2529; x_wconf 88' lang='lat' dir='ltr'><strong>S.</strong></span> <span class='ocrx_word' id='word_1_150' title='bbox 1048 2464 1227 2529; x_wconf 89' lang='lat' dir='ltr'><strong>Lamberti</strong></span> <span class='ocrx_word' id='word_1_151' title='bbox 1263 2461 1323 2550; x_wconf 89' lang='grc'><strong>[17</strong></span> 
     </span>
    </p>

    <p class='ocr_par' dir='ltr' id='par_1_22' title="bbox 368 2560 1323 2647">
     <span class='ocr_line' id='line_1_23' title="bbox 368 2560 1323 2647; baseline 0.003 -23"><span class='ocrx_word' id='word_1_152' title='bbox 368 2560 481 2647; x_wconf 74' lang='lat' dir='ltr'><strong>Sept]</strong></span> <span class='ocrx_word' id='word_1_153' title='bbox 499 2564 543 2626; x_wconf 86' lang='lat' dir='ltr'><strong>ad</strong></span> <span class='ocrx_word' id='word_1_154' title='bbox 558 2562 726 2626; x_wconf 89' lang='lat' dir='ltr'><strong>Sanctum</strong></span> <span class='ocrx_word' id='word_1_155' title='bbox 747 2563 897 2627; x_wconf 87' lang='lat' dir='ltr'><strong>accessit</strong></span> <span class='ocrx_word' id='word_1_156' title='bbox 915 2562 1170 2640; x_wconf 88' lang='lat' dir='ltr'><strong>Eadmundum,</strong></span> <span class='ocrx_word' id='word_1_157' title='bbox 1192 2564 1227 2625; x_wconf 91' lang='lat' dir='ltr'><strong>in</strong></span> <span class='ocrx_word' id='word_1_158' title='bbox 1247 2582 1323 2627; x_wconf 85' lang='lat' dir='ltr'><strong>ora-</strong></span> 
     </span>
    </p>

    <p class='ocr_par' dir='ltr' id='par_1_23' title="bbox 367 2660 1322 2742">
     <span class='ocr_line' id='line_1_24' title="bbox 367 2660 1322 2742; baseline 0.001 -20"><span class='ocrx_word' id='word_1_159' title='bbox 367 2661 460 2724; x_wconf 92' lang='lat' dir='ltr'><strong>stino</strong></span> <span class='ocrx_word' id='word_1_160' title='bbox 476 2668 593 2742; x_wconf 90' lang='lat' dir='ltr'><strong>partes</strong></span> <span class='ocrx_word' id='word_1_161' title='bbox 612 2660 826 2725; x_wconf 84' lang='lat' dir='ltr'><strong>Norsolchiae</strong></span> <span class='ocrx_word' id='word_1_162' title='bbox 842 2662 1026 2742; x_wconf 86' lang='lat' dir='ltr'><strong>petiturus.</strong></span> <span class='ocrx_word' id='word_1_163' title='bbox 1061 2662 1164 2726; x_wconf 90' lang='lat' dir='ltr'><strong>Unde</strong></span> <span class='ocrx_word' id='word_1_164' title='bbox 1189 2680 1252 2742; x_wconf 90' lang='lat' dir='ltr'><strong>per</strong></span> <span class='ocrx_word' id='word_1_165' title='bbox 1268 2661 1322 2723; x_wconf 90' lang='lat' dir='ltr'><strong>in·</strong></span> 
     </span>
    </p>

    <p class='ocr_par' dir='ltr' id='par_1_24' title="bbox 367 2758 1320 2840">
     <span class='ocr_line' id='line_1_25' title="bbox 367 2758 1320 2840; baseline 0.002 -20"><span class='ocrx_word' id='word_1_166' title='bbox 367 2759 480 2822; x_wconf 84' lang='lat' dir='ltr'><strong>sulam</strong></span> <span class='ocrx_word' id='word_1_167' title='bbox 504 2759 679 2822; x_wconf 86' lang='lat' dir='ltr'><strong>Elionsem</strong></span> <span class='ocrx_word' id='word_1_168' title='bbox 698 2760 839 2839; x_wconf 82' lang='lat' dir='ltr'><strong>navigio</strong></span> <span class='ocrx_word' id='word_1_169' title='bbox 863 2760 1065 2840; x_wconf 86' lang='lat' dir='ltr'><strong>procedens,</strong></span> <span class='ocrx_word' id='word_1_170' title='bbox 1086 2758 1320 2822; x_wconf 87' lang='lat' dir='ltr'><strong>Londoniam-</strong></span> 
     </span>
    </p>

    <p class='ocr_par' dir='ltr' id='par_1_25' title="bbox 366 2857 1321 2935">
     <span class='ocr_line' id='line_1_26' title="bbox 366 2857 1321 2935; baseline 0.003 -17"><span class='ocrx_word' id='word_1_171' title='bbox 366 2875 436 2935; x_wconf 92' lang='lat' dir='ltr'><strong>que</strong></span> <span class='ocrx_word' id='word_1_172' title='bbox 469 2857 628 2933; x_wconf 84' lang='lat' dir='ltr'><strong>tendens,</strong></span> <span class='ocrx_word' id='word_1_173' title='bbox 658 2857 750 2920; x_wconf 92' lang='lat' dir='ltr'><strong>diem</strong></span> <span class='ocrx_word' id='word_1_174' title='bbox 784 2857 1041 2920; x_wconf 85' lang='lat' dir='ltr'><strong>Translationis</strong></span> <span class='ocrx_word' id='word_1_175' title='bbox 1074 2857 1110 2920; x_wconf 92' lang='lat' dir='ltr'><strong>S.</strong></span> <span class='ocrx_word' id='word_1_176' title='bbox 1135 2857 1321 2921; x_wconf 86' lang='lat' dir='ltr'><strong>Eadwardi</strong></span> 
     </span>
    </p>

    <p class='ocr_par' dir='ltr' id='par_1_26' title="bbox 366 2954 1323 3035">
     <span class='ocr_line' id='line_1_27' title="bbox 366 2954 1323 3035; baseline 0.001 -18"><span class='ocrx_word' id='word_1_177' title='bbox 366 2954 428 3034; x_wconf 87' lang='grc'><strong>[13</strong></span> <span class='ocrx_word' id='word_1_178' title='bbox 469 2954 566 3035; x_wconf 73' lang='lat' dir='ltr'><strong>Oct]</strong></span> <span class='ocrx_word' id='word_1_179' title='bbox 605 2955 697 3035; x_wconf 87' lang='lat' dir='ltr'><strong>apud</strong></span> <span class='ocrx_word' id='word_1_180' title='bbox 736 2955 1086 3019; x_wconf 88' lang='lat' dir='ltr'><strong>Westmonasterium</strong></span> <span class='ocrx_word' id='word_1_181' title='bbox 1123 2956 1323 3019; x_wconf 89' lang='lat' dir='ltr'><strong>solemniter</strong></span> 
     </span>
    </p>

    <p class='ocr_par' dir='ltr' id='par_1_27' title="bbox 204 3052 1321 3135">
     <span class='ocr_line' id='line_1_28' title="bbox 204 3052 1321 3135; baseline 0.005 -26"><span class='ocrx_word' id='word_1_182' title='bbox 204 3070 333 3111; x_wconf 69' lang='lat' dir='ltr'><strong>ormena</strong></span> <span class='ocrx_word' id='word_1_183' title='bbox 368 3053 567 3116; x_wconf 86' lang='lat' dir='ltr'><strong>celebravit.</strong></span> <span class='ocrx_word' id='word_1_184' title='bbox 630 3053 801 3116; x_wconf 91' lang='lat' dir='ltr'><strong>Dominus</strong></span> <span class='ocrx_word' id='word_1_185' title='bbox 826 3053 980 3116; x_wconf 84' lang='lat' dir='ltr'><strong>Thomas</strong></span> <span class='ocrx_word' id='word_1_186' title='bbox 1012 3052 1197 3133; x_wconf 89' lang='lat' dir='ltr'><strong>Weyland,</strong></span> <span class='ocrx_word' id='word_1_187' title='bbox 1217 3053 1321 3135; x_wconf 87' lang='lat' dir='ltr'><strong>capi·</strong></span> 
     </span>
    </p>

    <p class='ocr_par' dir='ltr' id='par_1_28' title="bbox 206 3121 1320 3232">
     <span class='ocr_line' id='line_1_29' title="bbox 206 3121 1320 3232; baseline 0.002 -21"><span class='ocrx_word' id='word_1_188' title='bbox 206 3121 353 3170; x_wconf 48' lang='grc' dir='ltr'><strong>ΗΜ</strong></span> <span class='ocrx_word' id='word_1_189' title='bbox 368 3150 448 3212; x_wconf 89' lang='lat' dir='ltr'><strong>talis</strong></span> <span class='ocrx_word' id='word_1_190' title='bbox 475 3153 566 3231; x_wconf 80' lang='lat' dir='ltr'><strong>regis</strong></span> <span class='ocrx_word' id='word_1_191' title='bbox 588 3151 802 3232; x_wconf 90' lang='lat' dir='ltr'><strong>justitiarius</strong></span> <span class='ocrx_word' id='word_1_192' title='bbox 828 3153 864 3214; x_wconf 95' lang='lat' dir='ltr'><strong>in</strong></span> <span class='ocrx_word' id='word_1_193' title='bbox 893 3152 1003 3214; x_wconf 85' lang='lat' dir='ltr'><strong>banco</strong></span> <span class='ocrx_word' id='word_1_194' title='bbox 1032 3150 1127 3231; x_wconf 82' lang='lat' dir='ltr'><strong>regio</strong></span> <span class='ocrx_word' id='word_1_195' title='bbox 1156 3151 1320 3228; x_wconf 88' lang='lat' dir='ltr'><strong>inferiori,</strong></span> 
     </span>
    </p>

    <p class='ocr_par' dir='ltr' id='par_1_29' title="bbox 367 3249 1321 3331">
     <span class='ocr_line' id='line_1_30' title="bbox 367 3249 1321 3331; baseline 0.002 -22"><span class='ocrx_word' id='word_1_196' title='bbox 367 3267 472 3328; x_wconf 89' lang='lat' dir='ltr'><strong>super</strong></span> <span class='ocrx_word' id='word_1_197' title='bbox 487 3249 719 3312; x_wconf 87' lang='lat' dir='ltr'><strong>retentatione</strong></span> <span class='ocrx_word' id='word_1_198' title='bbox 735 3249 952 3331; x_wconf 86' lang='lat' dir='ltr'><strong>quorundam</strong></span> <span class='ocrx_word' id='word_1_199' title='bbox 972 3249 1014 3311; x_wconf 89' lang='lat' dir='ltr'><strong>de</strong></span> <span class='ocrx_word' id='word_1_200' title='bbox 1037 3249 1121 3322; x_wconf 91' lang='lat' dir='ltr'><strong>suis,</strong></span> <span class='ocrx_word' id='word_1_201' title='bbox 1137 3250 1198 3330; x_wconf 89' lang='lat' dir='ltr'><strong>qui</strong></span> <span class='ocrx_word' id='word_1_202' title='bbox 1213 3269 1321 3330; x_wconf 91' lang='lat' dir='ltr'><strong>quen-</strong></span> 
     </span>
    </p>

    <p class='ocr_par' dir='ltr' id='par_1_30' title="bbox 367 3345 1321 3429">
     <span class='ocr_line' id='line_1_31' title="bbox 367 3345 1321 3429; baseline 0.003 -22"><span class='ocrx_word' id='word_1_203' title='bbox 367 3347 447 3408; x_wconf 88' lang='lat' dir='ltr'><strong>dam</strong></span> <span class='ocrx_word' id='word_1_204' title='bbox 463 3367 573 3429; x_wconf 85' lang='lat' dir='ltr'><strong>nuper</strong></span> <span class='ocrx_word' id='word_1_205' title='bbox 587 3345 858 3423; x_wconf 70' lang='lat' dir='ltr'><strong>interfecerant,²</strong></span> <span class='ocrx_word' id='word_1_206' title='bbox 872 3347 1061 3411; x_wconf 88' lang='lat' dir='ltr'><strong>indictatus</strong></span> <span class='ocrx_word' id='word_1_207' title='bbox 1075 3355 1112 3410; x_wconf 90' lang='lat' dir='ltr'><strong>et</strong></span> <span class='ocrx_word' id='word_1_208' title='bbox 1126 3366 1189 3428; x_wconf 88' lang='lat' dir='ltr'><strong>pro</strong></span> <span class='ocrx_word' id='word_1_209' title='bbox 1204 3348 1321 3428; x_wconf 91' lang='lat' dir='ltr'><strong>inqui·</strong></span> 
     </span>
    </p>

    <p class='ocr_par' dir='ltr' id='par_1_31' title="bbox 366 3446 1320 3526">
     <span class='ocr_line' id='line_1_32' title="bbox 366 3446 1320 3526; baseline 0.002 -20"><span class='ocrx_word' id='word_1_210' title='bbox 366 3446 492 3509; x_wconf 90' lang='lat' dir='ltr'><strong>sitione</strong></span> <span class='ocrx_word' id='word_1_211' title='bbox 514 3447 706 3521; x_wconf 88' lang='lat' dir='ltr'><strong>convictus,</strong></span> <span class='ocrx_word' id='word_1_212' title='bbox 726 3453 762 3508; x_wconf 89' lang='lat' dir='ltr'><strong>et</strong></span> <span class='ocrx_word' id='word_1_213' title='bbox 784 3466 821 3508; x_wconf 92' lang='lat' dir='ltr'><strong>se</strong></span> <span class='ocrx_word' id='word_1_214' title='bbox 844 3447 967 3526; x_wconf 83' lang='lat' dir='ltr'><strong>gratiae</strong></span> <span class='ocrx_word' id='word_1_215' title='bbox 990 3447 1084 3525; x_wconf 82' lang='lat' dir='ltr'><strong>regis</strong></span> <span class='ocrx_word' id='word_1_216' title='bbox 1107 3447 1320 3509; x_wconf 89' lang='lat' dir='ltr'><strong>committere</strong></span> 
     </span>
    </p>

    <p class='ocr_par' dir='ltr' id='par_1_32' title="bbox 367 3542 1321 3623">
     <span class='ocr_line' id='line_1_33' title="bbox 367 3542 1321 3623; baseline 0.003 -20"><span class='ocrx_word' id='word_1_217' title='bbox 367 3542 568 3618; x_wconf 83' lang='lat' dir='ltr'><strong>formidans,</strong></span> <span class='ocrx_word' id='word_1_218' title='bbox 585 3544 749 3606; x_wconf 88' lang='lat' dir='ltr'><strong>fratribus</strong></span> <span class='ocrx_word' id='word_1_219' title='bbox 763 3544 967 3616; x_wconf 91' lang='lat' dir='ltr'><strong>minoribus,</strong></span> <span class='ocrx_word' id='word_1_220' title='bbox 983 3543 1074 3623; x_wconf 88' lang='lat' dir='ltr'><strong>apud</strong></span> <span class='ocrx_word' id='word_1_221' title='bbox 1092 3543 1128 3607; x_wconf 92' lang='lat' dir='ltr'><strong>S.</strong></span> <span class='ocrx_word' id='word_1_222' title='bbox 1147 3543 1321 3606; x_wconf 91' lang='lat' dir='ltr'><strong>Eadmun-</strong></span> 
     </span>
    </p>
   </div>
   <div class='ocr_carea' id='block_1_3' title="bbox 367 3640 1320 3723">
    <p class='ocr_par' dir='ltr' id='par_1_33' title="bbox 367 3640 1320 3723">
     <span class='ocr_line' id='line_1_34' title="bbox 367 3640 1320 3723; baseline 0.004 -22"><span class='ocrx_word' id='word_1_223' title='bbox 367 3640 447 3702; x_wconf 91' lang='lat' dir='ltr'><strong>dum</strong></span> <span class='ocrx_word' id='word_1_224' title='bbox 464 3643 771 3717; x_wconf 88' lang='lat' dir='ltr'><strong>commorantibus,</strong></span> <span class='ocrx_word' id='word_1_225' title='bbox 787 3660 824 3703; x_wconf 92' lang='lat' dir='ltr'><strong>se</strong></span> <span class='ocrx_word' id='word_1_226' title='bbox 840 3640 997 3704; x_wconf 89' lang='lat' dir='ltr'><strong>contulit.</strong></span> <span class='ocrx_word' id='word_1_227' title='bbox 1045 3640 1115 3704; x_wconf 89' lang='lat' dir='ltr'><strong>Ubi</strong></span> <span class='ocrx_word' id='word_1_228' title='bbox 1132 3660 1214 3722; x_wconf 81' lang='lat' dir='ltr'><strong>rege</strong></span> <span class='ocrx_word' id='word_1_229' title='bbox 1232 3661 1320 3723; x_wconf 83' lang='lat' dir='ltr'><strong>prae·</strong></span> 
     </span>
    </p>
   </div>
   <div class='ocr_carea' id='block_1_4' title="bbox 365 3854 1327 4125">
    <p class='ocr_par' dir='ltr' id='par_1_34' title="bbox 404 3854 1327 3920">
     <span class='ocr_line' id='line_1_35' title="bbox 404 3854 1327 3920; baseline 0.001 -16"><span class='ocrx_word' id='word_1_230' title='bbox 404 3854 410 3883; x_wconf 83' lang='lat'><strong>¹</strong></span> <span class='ocrx_word' id='word_1_231' title='bbox 430 3857 514 3920; x_wconf 76' lang='lat' dir='ltr'><strong>Cum]</strong></span> <span class='ocrx_word' id='word_1_232' title='bbox 533 3857 591 3906; x_wconf 89' lang='lat' dir='ltr'><strong>MS.</strong></span> <span class='ocrx_word' id='word_1_233' title='bbox 603 3864 636 3905; x_wconf 86' lang='lat' dir='ltr'><strong>et.</strong></span> <span class='ocrx_word' id='word_1_234' title='bbox 858 3856 1003 3904; x_wconf 85' lang='lat' dir='ltr'><strong>committed</strong></span> <span class='ocrx_word' id='word_1_235' title='bbox 1024 3860 1051 3904; x_wconf 83' lang='lat' dir='ltr'><strong>at</strong></span> <span class='ocrx_word' id='word_1_236' title='bbox 1069 3856 1112 3904; x_wconf 88' lang='lat' dir='ltr'><strong>the</strong></span> <span class='ocrx_word' id='word_1_237' title='bbox 1131 3857 1278 3919; x_wconf 79' lang='lat' dir='ltr'><strong>instigation</strong></span> <span class='ocrx_word' id='word_1_238' title='bbox 1297 3857 1327 3905; x_wconf 82' lang='lat' dir='ltr'><strong>oi</strong></span> 
     </span>
    </p>

    <p class='ocr_par' dir='ltr' id='par_1_35' title="bbox 859 3924 1323 3986">
     <span class='ocr_line' id='line_1_36' title="bbox 859 3924 1323 3986; baseline 0.004 -15"><span class='ocrx_word' id='word_1_239' title='bbox 859 3924 1102 3984; x_wconf 81' lang='lat' dir='ltr'><strong>Weylandhimsell&#39;.</strong></span> <span class='ocrx_word' id='word_1_240' title='bbox 1124 3926 1173 3975; x_wconf 87' lang='lat' dir='ltr'><strong>See</strong></span> <span class='ocrx_word' id='word_1_241' title='bbox 1181 3925 1323 3986; x_wconf 80' lang='lat' dir='ltr'><strong>Groniques</strong></span> 
     </span>
    </p>

    <p class='ocr_par' dir='ltr' id='par_1_36' title="bbox 365 3991 1323 4125">
     <span class='ocr_line' id='line_1_37' title="bbox 401 3991 1323 4057; baseline 0.001 -15"><span class='ocrx_word' id='word_1_242' title='bbox 401 3991 412 4020; x_wconf 77' lang='lat'><em>²</em></span> <span class='ocrx_word' id='word_1_243' title='bbox 428 3993 624 4057; x_wconf 67' lang='lat' dir='ltr'><strong>interfecerunt]</strong></span> <span class='ocrx_word' id='word_1_244' title='bbox 649 3993 795 4054; x_wconf 76' lang='lat' dir='ltr'><strong>According</strong></span> <span class='ocrx_word' id='word_1_245' title='bbox 805 3999 832 4040; x_wconf 93' lang='lat' dir='ltr'><strong>to</strong></span> <span class='ocrx_word' id='word_1_246' title='bbox 857 3994 890 4042; x_wconf 93' lang='lat' dir='ltr'><strong>de</strong></span> <span class='ocrx_word' id='word_1_247' title='bbox 902 3993 1015 4055; x_wconf 79' lang='lat' dir='ltr'><strong>Londou‚</strong></span> <span class='ocrx_word' id='word_1_248' title='bbox 1027 4009 1053 4055; x_wconf 90' lang='lat' dir='ltr'><strong>p.</strong></span> <span class='ocrx_word' id='word_1_249' title='bbox 1065 3999 1114 4053; x_wconf 73' lang='lat'><strong>953</strong></span> <span class='ocrx_word' id='word_1_250' title='bbox 1131 3995 1226 4043; x_wconf 84' lang='lat' dir='ltr'><strong>Duust.</strong></span> <span class='ocrx_word' id='word_1_251' title='bbox 1234 4009 1262 4055; x_wconf 90' lang='lat' dir='ltr'><strong>p.</strong></span> <span class='ocrx_word' id='word_1_252' title='bbox 1274 3998 1323 4043; x_wconf 72' lang='grc'><strong>673</strong></span> 
     </span>
     <span class='ocr_line' id='line_1_38' title="bbox 365 4063 951 4125; baseline 0.002 -14"><span class='ocrx_word' id='word_1_253' title='bbox 365 4063 437 4113; x_wconf 89' lang='lat' dir='ltr'><strong>other</strong></span> <span class='ocrx_word' id='word_1_254' title='bbox 447 4064 605 4125; x_wconf 85' lang='lat' dir='ltr'><strong>authorities,</strong></span> <span class='ocrx_word' id='word_1_255' title='bbox 613 4063 655 4111; x_wconf 87' lang='lat' dir='ltr'><strong>the</strong></span> <span class='ocrx_word' id='word_1_256' title='bbox 664 4063 767 4112; x_wconf 86' lang='lat' dir='ltr'><strong>murder</strong></span> <span class='ocrx_word' id='word_1_257' title='bbox 776 4076 832 4110; x_wconf 81' lang='lat' dir='ltr'><strong>was</strong></span> <span class='ocrx_word' id='word_1_258' title='bbox 856 4067 951 4112; x_wconf 81' lang='grc'><strong>-577,</strong></span> 
     </span>
    </p>
   </div>
   <div class='ocr_carea' id='block_1_5' title="bbox 0 0 1542 4508">
    <p class='ocr_par' dir='ltr' id='par_1_37' title="bbox 0 0 1542 4508">
     <span class='ocr_line' id='line_1_39' title="bbox 0 0 1542 4508; baseline 0 1"><span class='ocrx_word' id='word_1_259' title='bbox 0 0 1542 4508; x_wconf 95' lang='lat' dir='ltr'><strong> </strong></span> 
     </span>
    </p>
   </div>
  </div>
 </body>
</html>
