3074 4508
452 335 644 382 rnonnrvrn
669 335 949 384 wrcoumursrs.
1138 321 1183 384 63

229 493 422 556 tonicorum
439 491 544 570 Regi,
568 500 604 554 et
622 511 686 572 per
709 491 777 555 Dei
799 493 912 573 operis
935 491 1084 572 gratiam
1108 491 1183 556 Ro·

231 610 410 653 manorum
433 589 643 671 Imperatori
671 588 845 671 Augusto,
866 590 1015 654 salutem
1037 597 1072 653 et
1097 609 1182 671 apo·

230 689 390 752 stolieam
444 688 728 752 benedictionem.
815 688 976 770 Regnum
1028 695 1183 751 vestrum

231 796 361 851 sanctae
392 787 560 851 Romanae
589 787 745 849 ecclesiae
771 787 997 868 singulariter
1012 787 1184 850 cohaerere

232 885 417 967 dispositio
449 885 567 948 divina
597 886 799 964 constituit;
832 884 1102 966 praedecessores
1127 905 1185 949 vc-

232 985 308 1059 stri,
335 983 517 1064 probitatis
540 1002 618 1044 cum
642 985 835 1065 prudentiae
856 983 1033 1064 amplioris
1058 984 1185 1063 gratia,

234 1081 404 1145 Romanae
424 1081 519 1143 urbis
544 1099 708 1144 coronam
739 1092 775 1147 et
800 1082 981 1163 imperium
1008 1083 1184 1145 consecuti

234 1187 339 1259 sunt;
380 1180 424 1242 ad
461 1178 561 1262 cujus
594 1181 760 1245 videlicet
795 1200 930 1246 coronae
972 1189 1008 1244 et
1047 1182 1184 1262 imperii

234 1279 439 1358 dignitatem
452 1284 547 1339 tuam
565 1297 704 1360 quoque
728 1298 923 1360 personam,
940 1278 990 1340 fili
1006 1280 1184 1341 carissime

235 1376 413 1452 Heinrice,
430 1395 492 1456 per
513 1377 625 1438 nostri
648 1377 832 1441 sacerdotii
852 1376 1077 1440 ministerium
1104 1377 1184 1440 Ma·

231 1475 344 1558 jestas
371 1475 488 1537 divina
513 1476 686 1554 provexit.
741 1475 842 1537 Illam
867 1475 974 1555 igitur
1005 1475 1186 1556 dignitatis

235 1573 515 1654 praerogativam,
533 1591 639 1653 quam
657 1574 929 1654 praedecessores
940 1575 1049 1637 nostri
1062 1575 1187 1637 vestris

235 1672 559 1752 praedecessoribus,
588 1672 769 1735 catholicis
800 1672 1077 1754 imperatoribus,
1107 1690 1188 1734 con-

236 1778 426 1846 cesserunt,
455 1777 491 1833 et
514 1769 774 1850 privilegiorum
802 1770 937 1852 paginis
962 1769 1188 1833 confirmave-

236 1876 330 1942 runt,
350 1888 414 1931 nos
436 1886 574 1948 quoque
598 1868 775 1932 dilectioni
800 1875 870 1932 tuae
897 1869 1129 1944 concedimus,
1154 1876 1190 1931 et

236 1967 418 2047 praesentis
433 1965 605 2046 privilegii
619 1967 749 2047 pagina
767 1966 1020 2042 confirmamus,
1035 1973 1076 2028 ut
1090 1967 1191 2046 regni
1246 1979 1249 1984 ’

237 2065 290 2127 tui
320 2064 492 2145 episcopis
512 2062 568 2125 vel
598 2064 795 2139 abbatibus
816 2064 934 2140 libere,
961 2071 1089 2144 praeter
1113 2065 1189 2127 vio-

237 2162 380 2226 lentiam
405 2169 441 2225 et
463 2162 645 2225 simoniam
669 2162 800 2237 electis,
813 2162 1064 2225 ,investituram
1081 2162 1190 2242 virgae

238 2270 274 2324 et
302 2261 422 2322 annuli
454 2259 635 2324 conseras:
658 2269 740 2341 post
770 2261 1065 2324 investitutionem
1092 2279 1188 2335 vero,

238 2359 404 2422 canonice
434 2359 727 2421 consecrationem
756 2359 905 2440 accipiat
935 2360 979 2421 ab
1012 2360 1188 2439 episcopo,

239 2459 284 2520 ad
315 2475 417 2538 quem
449 2456 680 2537 pertinuerit..
729 2456 767 2519 Si
796 2458 873 2537 quis
903 2465 1019 2518 autem
1044 2476 1066 2519 a
1094 2456 1188 2520 clero

239 2565 275 2619 et
292 2554 433 2636 populo,
452 2561 580 2635 praeter
596 2562 695 2617 tuum
718 2573 909 2630 assensum,
924 2554 1057 2617 electus
1072 2554 1189 2631 suerit,

241 2655 306 2716 nisi
319 2672 339 2715 a
350 2661 385 2716 te
399 2653 619 2727 investiatur,
638 2671 660 2715 a
677 2654 811 2717 nemine
821 2660 1049 2716 consecretur.
1091 2653 1190 2716 Sane

239 2752 392 2833 episcopi
419 2752 474 2813 vel
494 2750 745 2831 archiepiscopi
772 2751 965 2814 libertatem
992 2751 1142 2814 habeant
1168 2770 1190 2813 a

240 2859 275 2914 te
311 2849 495 2912 investitos
535 2849 718 2930 episcopos
749 2849 805 2912 vel
844 2851 986 2913 abbates
1025 2849 1190 2911 canonice

240 2947 478 3012 consecrandi.
529 2946 808 3010 Praedecessores
831 2947 922 3009 enim
949 2947 1056 3010 vestri
1080 2946 1190 3008 eccle·

240 3048 311 3109 sias
327 3047 426 3126 regni
447 3046 502 3108 sui
523 3045 631 3107 tantis
654 3045 824 3125 regalium
845 3063 988 3108 suorum
1006 3043 1188 3108 beneficiis
1228 3097 1230 3103 .

240 3145 464 3225 ampliarunt,
490 3150 529 3205 ut
554 3162 700 3223 regnum
721 3144 833 3223 ipsum
857 3144 1095 3224 episcoporum
1116 3161 1189 3204 ma·

241 3244 335 3305 xime
345 3243 401 3304 vel
413 3243 578 3305 abbatum
589 3240 746 3320 praediis¹
761 3249 920 3322 oporteat
930 3240 1142 3315 communiri,
1156 3249 1191 3302 et

240 3341 426 3423 populares
444 3339 688 3414 dissensiones,
705 3358 783 3419 quae
802 3339 838 3400 in
857 3339 1082 3402 electionibus
1097 3357 1191 3417 saepe

241 3438 462 3518 contingunt,
477 3437 587 3517 regali
614 3444 776 3517 oporteat
800 3436 981 3518 majestate
1005 3437 1189 3516 compesci.

243 3536 477 3613 Quamobrem
492 3534 685 3616 prudentiae
701 3543 735 3598 et
752 3537 970 3616 potestativae
980 3554 1072 3598 curae
1088 3534 1193 3596 debes

243 3635 413 3697 solicitius
436 3635 686 3708 imminerent
716 3632 884 3696 Romanae
911 3632 1065 3696 ecclesiae
1093 3632 1192 3694 celsi·

243 3733 328 3795 tudo
363 3739 398 3793 et
427 3740 630 3794 caeterarum
662 3731 771 3806 salus,
807 3739 994 3811 praestante
1028 3730 1194 3802 Domino,

242 3830 414 3893 beneficiis
445 3836 481 3890 et
509 3830 661 3891 servitiis
693 3836 923 3891 conservetur.
976 3828 1014 3889 Si
1040 3846 1111 3906 qua
1131 3827 1197 3906 igi-

244 3938 302 3991 tur
330 3926 564 3990 ecclesiastica
587 3926 643 3989 vel
670 3927 836 3989 secularis
859 3943 1007 4004 persona
1027 3925 1115 3987 hanc
1133 3943 1196 3986 no·

244 4036 326 4090 strae
348 4026 579 4089 concessionis
603 4024 766 4105 paginam
792 4022 973 4086 temerario
1006 4042 1092 4085 ausu
1120 4041 1198 4104 per-

468 4151 624 4214 *ProeaitrJ
646 4152 790 4202 Praesidiis.
831 4151 873 4199 W.
885 4151 970 4198 Mnlm.
