3074 4508
363 356 429 420 ‘278
614 370 862 420 courruua'rro
886 371 1060 420 canonici

366 528 413 592 Et
430 549 635 612 responsum
653 538 707 592 est
724 531 767 604 ei,
786 536 855 592 tarn
872 548 894 591 a
911 528 1002 591 clero
1018 544 1118 609 quam
1137 545 1160 588 a
1174 522 1318 606 populo,

366 647 426 691 eos
448 629 545 692 nullo
563 629 665 691 modo
682 629 771 691 velle
793 628 858 690 hoc
880 624 1078 700 concedere,
1095 622 1155 688 sed
1180 622 1210 685 si
1232 640 1318 685 con·

368 729 518 806 tingeret
554 745 716 805 guerram
749 727 884 800 durare,
919 726 993 788 sine
1031 742 1092 805 spe
1128 721 1224 805 pacis
1260 738 1317 783 re·

368 823 568 897 formanda,
591 825 764 886 concessit
787 826 898 887 clerus
919 825 1098 898 decimam,
1113 829 1148 885 et
1168 818 1320 901 populus

368 921 607 997 undecimam
649 928 766 984 tamen
798 922 899 985 modo
928 922 994 984 hoc
1025 940 1126 984 anno.
1179 917 1226 981 Et
1266 916 1320 979 sic

368 1026 587 1082 recesserunt
602 1020 646 1081 ab
662 1019 820 1083 invicem.

207 1134 322 1173 ortana
420 1116 622 1180 Gilebertus
649 1117 691 1179 de
716 1115 831 1193 Clare,
857 1136 971 1180 comes
1001 1115 1209 1190 Gloverniae,
1236 1118 1320 1177 ante

207 1183 338 1271 ffl‘c‘hu‘c'e'ff·
371 1214 501 1278 Natale
541 1215 695 1289 Domini,
727 1234 817 1278 anno
848 1217 994 1297 septimo
1032 1222 1111 1296 post
1145 1215 1320 1293 inceptum

207 1284 289 1329 Μ
369 1314 575 1396 injuriosum
603 1313 791 1395 plurimum
818 1314 859 1377 de
889 1314 923 1376 la
956 1314 1121 1393 Bigging,
1151 1319 1185 1375 et
1212 1312 1321 1373 vitam

370 1414 483 1475 finivit
499 1419 534 1475 et
549 1413 734 1493 placitum3
759 1414 817 1494 qui
834 1413 926 1495 apud
944 1408 1323 1492 Theukesburg,juxta

370 1512 630 1592 progenitorum
660 1532 801 1574 suorum
827 1518 1058 1585 monumenta,
1083 1510 1241 1572 decenter
1268 1517 1323 1569 est

372 1611 576 1671 tumulatus
618 1610 699 1672 Hoc
715 1629 817 1684 ann0,
834 1610 985 1672 secundo
1003 1609 1056 1670 die
1073 1609 1197 1671 mensis
1215 1604 1322 1669 Octo·
1422 1670 1425 1677 ,

371 1707 455 1779 bris,
476 1705 634 1767 dominus
656 1706 844 1781 Robertus,
869 1707 1146 1786 archiepiscopus
1169 1704 1322 1767 Cantua·

372 1803 508 1875 riensis,
529 1802 564 1862 in
584 1803 665 1865 sede
685 1822 750 1865 sua
771 1803 970 1884 pontificali,
988 1802 1125 1865 domino
1145 1821 1224 1883 rege
1243 1819 1324 1863 cum

372 1901 572 1981 proceribus
596 1907 631 1962 et
650 1902 756 1964 etiam
779 1899 849 1965 fere
876 1903 983 1965 totius
1008 1901 1324 1983 archiepiscopatus

372 1998 426 2060 sui
450 1997 680 2080 suffraganeis
708 2002 947 2081 praesentibus,
973 2000 1171 2064 solemniter
1192 2006 1244 2063 est
1270 1998 1325 2061 in·

373 2096 602 2159 thronizatus.

212 2209 340 2249 nemrot
424 2194 597 2256 Dominus
615 2193 769 2256 Thomas
794 2193 836 2257 de
855 2195 1052 2268 Turbevile‚
1070 2196 1168 2258 miles
1185 2194 1326 2275 quidam

212 2258 341 2347 ἷῗῗιῗῖῗῗιῗῗ
374 2290 417 2352 de
451 2290 612 2353 Marchia
641 2291 819 2366 oriundus,
847 2291 1055 2355 domesticus
1085 2301 1120 2355 et
1153 2290 1328 2373 praecipua

374 2387 504 2451 domini
521 2389 615 2470 regis
636 2387 774 2469 Angliae
799 2388 987 2465 familiaris,
1007 2409 1085 2453 cum
1103 2390 1211 2472 ipsius
1234 2390 1327 2469 regis

375 2487 531 2549 exercitu
563 2487 607 2549 ad
639 2485 851 2550 Gasconiam
879 2496 932 2551 est
961 2487 1123 2563 directus,
1157 2487 1215 2550 ubi
1248 2505 1327 2549 cum

376 2584 553 2648 nonnullis
569 2604 643 2648 suae
665 2584 798 2648 militiae
818 2586 1107 2649 commilitonibus
1125 2587 1160 2647 in
1177 2584 1329 2667 quodam

376 2682 538 2745 conflictu
571 2701 594 2745 a
624 2683 838 2775 Francorum
866 2683 1021 2747 exercitu
1049 2689 1173 2764 captus
1199 2688 1264 2758 est,
1293 2691 1331 2746 et

377 2781 412 2841 in
436 2786 535 2842 arcta
558 2768 727 2854 custodia,
747 2782 812 2843 sub
834 2782 1019 2845 eorundem
1043 2786 1215 2862 potestate
1235 2799 1329 2844 com-

378 2878 574 2940 mendatus.
629 2877 771 2941 Interea
792 2879 834 2942 de
849 2899 929 2960 rege
945 2879 1082 2960 Angliae
1098 2878 1276 2954 tradendo,
1293 2884 1330 2943 et

378 2994 440 3055 per
470 2975 651 3039 consilium
682 2976 758 3058 ejus
787 2977 994 3054 seducendo,
1025 2978 1115 3040 inter
1148 2977 1264 3058 ipsum
1294 2984 1331 3039 et

379 3092 496 3152 regem
534 3073 693 3136 Franciae
722 3081 918 3140 tractatum.
986 3073 1066 3152 Quo
1097 3073 1201 3151 iacto,
1231 3074 1333 3155 quasi

379 3170 507 3233 furtive
533 3172 699 3234 carcerali
728 3172 867 3255 elapsus
897 3171 1066 3248 custodia,
1092 3173 1147 3234 ad·
1166 3171 1332 3253 Angliam

380 3268 493 3344 rediit,
509 3288 625 3349 regem
647 3271 744 3345 adiit,
760 3279 795 3334 et
815 3280 994 3351 gratanter
1013 3290 1035 3333 a
1051 3289 1132 3350 rege
1150 3270 1334 3346 admissus,
1390 3274 1393 3279 “

381 3367 446 3428 sub
474 3368 579 3430 ovina
596 3368 687 3448 pelle
715 3370 863 3449 pallians
887 3370 1056 3432 malitiam
1081 3387 1190 3432 suam.
1242 3366 1335 3431 Con-

381 3472 524 3527 venerat
539 3466 710 3547 siquidem
734 3487 811 3530 cum
832 3488 912 3547 rege
930 3467 1098 3541 Franciae,
1116 3466 1206 3545 quod
1222 3472 1333 3528 totam

381 3561 559 3641 Angliam,
591 3571 702 3626 totam
728 3565 944 3640 Hiberniam,
969 3572 1079 3628 totam
1110 3563 1272 3638 Scotiam,
1298 3570 1334 3626 et

382 3667 492 3722 totam
529 3660 708 3734 Walliam,
739 3681 807 3725 uno
845 3670 880 3726 et
918 3664 1038 3726 eodem
1073 3668 1238 3743 ternpore,
1268 3662 1334 3723 sub

382 3777 509 3837 guerra
537 3760 764 3822 constitueret
788 3761 963 3841 generali:
991 3769 1031 3823 ut
1057 3760 1226 3835 videlicet,
1252 3777 1333 3839 rege

280 3919 283 3925 ,
382 3853 521 3936 Angliae
539 3863 610 3918 tam
627 3858 866 3940 multipliciter
887 3866 1068 3940 occupato,
1085 3859 1219 3920 navalis
1234 3875 1334 3919 exer·

383 3954 471 4016 citus
511 3955 602 4035 regis
643 3956 802 4019 Franciae
832 3957 875 4018 ad
916 3974 1154 4038 quemcunque
1192 3956 1336 4034 eligeret

385 4061 521 4130 portum
544 4051 696 4132 Angliae,
720 4055 814 4117 nullo
839 4054 1018 4117 resistente
1051 4053 1103 4115 vol
1128 4053 1336 4133 impediento
