3074 4508
525 329 716 376 ruoneuru
744 329 1028 378 wrconnruusm.
1216 315 1260 378 85

298 493 415 549 mento
430 487 692 566 spoponderunt
708 485 790 548 filiae
807 485 911 565 regis,
925 504 964 548 se
983 493 1095 548 totum
1112 506 1257 567 regnum

299 582 495 663 Anglorum
522 586 571 647 illi
600 592 724 648 contra
749 604 869 647 omnes
898 584 1113 660 defensuros,
1137 586 1166 647 si
1195 605 1257 666 pa·

300 691 386 744 trem
409 703 512 745 suum
535 684 788 763 superviveret,
806 684 873 745 nisi
896 683 938 746 de
962 683 1067 764 legali
1091 685 1258 765 conjugio

299 780 405 843 filium
434 783 493 862 qui
527 783 591 844 sibi
622 782 837 857 succederet,
867 780 982 844 adhuc
1011 790 1093 844 ante
1124 783 1254 844 obitum

298 899 413 954 suum,
429 890 636 962 procrearet.
702 880 789 961 Ipsa
811 880 994 962 siquidem,
1011 880 1176 944 defuneto
1193 882 1257 943 inr-

299 988 459 1057 peratore
488 979 665 1052 Heinrico,
684 980 745 1060 qui
768 998 844 1042 earn
872 999 933 1060 per
956 979 1074 1059 plures
1092 998 1204 1042 annos
1222 981 1257 1041 in

299 1079 519 1141 matrimonio
542 1084 714 1152 tenuerat,
741 1079 874 1157 absque
897 1077 1028 1152 liberie,
1053 1077 1096 1140 ad
1122 1087 1257 1158 patrem

298 1194 398 1236 suurn
412 1194 563 1250 reversa,
573 1177 665 1239 circa
674 1176 773 1238 illum
786 1176 984 1251 excellenti,
995 1178 1088 1238 sicut
1098 1177 1256 1252 decebat,

300 1272 431 1337 bonore
456 1275 672 1338 fulciebatur.
730 1274 812 1337 Rex
836 1275 956 1354 igitur,
981 1275 1160 1337 Willelmo
1186 1275 1256 1338 lilio

299 1392 374 1448 suo,
398 1375 488 1437 sicut
512 1374 593 1436 olim
620 1374 878 1454 descripsimus,
903 1392 946 1435 ex
979 1374 1044 1435 hac
1068 1375 1141 1436 vita
1172 1375 1255 1436 sub·

299 1477 422 1544 tracto,
441 1472 548 1534 alium
563 1474 623 1553 qui
648 1474 748 1552 regni
773 1473 884 1535 haeres
911 1473 1065 1552 legitime
1088 1474 1256 1536 existeret

299 1570 444 1632 necdum
462 1579 673 1650 susceperat,
692 1579 727 1632 et
753 1590 794 1632 ea
817 1590 854 1631 re
877 1573 912 1631 in
938 1572 1043 1632 tiliam
1068 1591 1180 1645 suam,
1199 1591 1256 1634 so-

299 1688 410 1731 rorem
432 1670 564 1731 scilicet
584 1668 762 1743 Willelmi,
779 1668 977 1730 conditione
997 1688 1067 1748 qua
1092 1669 1255 1744 diximus,

299 1770 395 1847 regni
408 1769 491 1849 jura
509 1768 748 1831 transferebat.
803 1766 886 1847 Ipse
901 1768 1004 1829 etiarn
1024 1787 1095 1842 rex,
1112 1769 1255 1831 consilio
1269 1786 1315 1823 rue
1326 1786 1420 1834 leelina

300 1868 466 1929 baronutn
478 1864 809 1941 suorum,c0ncessit
821 1865 1076 1928 Cantwarieusi
1089 1865 1255 1942 eeclesiae,
1269 1836 1421 1924 llllffle‘ft‘l

299 1974 334 2026 et
345 1964 524 2027 Willelmo
536 1964 811 2043 archiepiscopo,
823 1970 858 2025 et
871 1965 1032 2027 omnibus
1045 1966 1254 2027 successori·
1269 1936 1388 2023 {lllilll

299 2064 363 2125 bus
379 2063 467 2145 ejuS,
486 2062 679 2125 custodiam
697 2069 733 2124 et
755 2061 1092 2124 constabulationem
1119 2063 1255 2126 castelli
1269 2033 1410 2082 “mm

299 2161 403 2224 Hrofi
431 2180 567 2242 semper
591 2161 627 2223 in
660 2168 840 2241 posterum
868 2160 1134 2240 possidendam3
1157 2169 1193 2223 et
1219 2163 1255 2224 iu

298 2260 420 2322 eodem
436 2260 581 2322 castello
597 2260 825 2322 munitionem
843 2259 898 2321 vel
916 2260 1052 2333 turrim,
1070 2278 1173 2340 quarn
1194 2279 1254 2323 vo·

301 2358 441 2433 luerint,
465 2359 532 2420 sibi
553 2357 697 2432 faciant,
713 2359 800 2420 etin
815 2364 1024 2438 perpetuum
1052 2358 1255 2421 habeantet

298 2456 530 2541 custodiant3
558 2464 594 2518 et
628 2455 759 2518 milites
795 2457 856 2536 qui
892 2457 1063 2519 custodiae
1098 2455 1254 2536 ejusdem

299 2554 434 2618 castelli
459 2554 616 2636 deputati
643 2553 784 2630 fuerint,
810 2554 943 2617 intrent
968 2562 1005 2617 et
1020 2562 1162 2617 ‘exeant
1193 2574 1256 2636 per

300 2654 396 2715 vices
421 2672 518 2728 suas,
544 2653 636 2716 sicut
658 2654 789 2716 intrare
817 2659 853 2715 et
879 2654 977 2715 exire
1001 2653 1196 2730 debuerint,
1219 2661 1255 2717 et

298 2752 341 2814 de
364 2750 485 2814 eodem
501 2751 645 2814 castello
669 2753 702 2814 ei
724 2752 947 2815 securitatem
967 2751 1110 2815 saciant.
1163 2752 1254 2814 Rot·
1268 2768 1395 2818 robertus·

1230 2850 1237 2864 ,
1267 2818 1413 2867 oleoveutry,

297 2851 428 2925 bertus,
444 2857 675 2929 cognomento
694 2850 896 2925 Peccatum,
914 2849 1162 2913 coventrensis
1183 2867 1388 2955 epi-aggonun

298 2967 433 3028 scopus,
468 2949 542 3012 vita
575 2948 737 3023 decessit,
779 2957 815 3011 et
834 2947 1058 3017 ,Coventreie
1094 2948 1253 3027 quiescit.
1268 2918 1410 3014 {tillidi

300 3047 421 3126 Hugo,
437 3048 545 3110 abbas
563 3047 599 3108 S.
618 3047 822 3127 Augustini,
839 3046 936 3108 obiit.
1232 3105 1235 3110 ,
1267 3017 1302 3054 ‘'¹''

347 3145 545 3208 Willelmus
563 3144 843 3231 Dorubernensis
868 3144 1150 3225 archiepiscopus
1172 3163 1255 3207 con·
1277 3161 1342 3199 an·
1354 3147 1432 3234 uus

298 3243 459 3323 gregavit
475 3242 637 3323 generale
649 3244 831 3305 concilium
845 3243 996 3304 omnium
1013 3243 1255 3322 episcoporum
1268 3226 1413 3313 (lsssslnlfllf‘

299 3350 333 3404 et
349 3343 528 3415 abbatum,
541 3359 759 3421 quarumque
775 3340 1016 3419 religiosarum
1027 3359 1253 3420 personarum
1268 3329 1308 3362 ‘²¹'

298 3440 406 3501 totius
438 3438 592 3519 Angliae,
623 3439 715 3519 apud
745 3439 994 3501 monasterium
1029 3439 1063 3502 S.
1091 3438 1190 3501 Petri
1219 3439 1255 3500 in

299 3537 504 3599 occidentali
520 3544 620 3617 parte
639 3536 835 3599 Lundoniae
851 3538 969 3600 situm.
1017 3536 1083 3599 Cui
1107 3535 1255 3599 concilio

298 3636 463 3715 praesedit
474 3637 561 3716 ipse,
579 3637 670 3698 sicut
686 3635 970 3716 archiepiscopus
983 3634 1256 3698 Cantwariensis

299 3741 332 3796 et
354 3733 492 3812 legatus
516 3734 719 3813 apostolicae
737 3734 844 3807 sediS,
861 3733 1121 3796 considentibus
1139 3751 1254 3795 secum

299 3829 1256 3911 WillelmoepiscopolVintoniensi,RogerioSaeresby·

298 3930 415 4004 riensi,
446 3928 623 3990 Willelmo
652 3928 911 4000 Execestrensi,
939 3928 1082 3990 Herveo
1111 3927 1256 4002 Eliensi‚

298 4027 502 4092 Alexandro
530 4015 964 4101 Liucoliensi,Eoverardo
984 4025 1256 4099 Northwicensi,
