3074 4508
519 334 712 381 recucurri
740 335 1024 383 vviconmeasrs,
1199 323 1243 385 65

285 489 436 570 quatuor
463 490 668 570 Evangelia,
693 501 825 573 septem
850 492 1037 555 canonicas
1063 493 1240 572 epistolaS,

284 589 451 669 epistolas
474 589 616 670 gloriosi
642 591 793 653 doctoris
819 592 912 654 beati
937 590 1041 654 Pauli
1065 591 1240 672 Apostoli,

282 696 424 751 sanctos
456 707 607 750 canones
630 685 891 770 Apostolorum,
919 697 1070 770 quatuor
1092 690 1240 753 concilia

280 787 497 849 universalia
553 787 645 849 sicut
695 803 742 850 iv.
797 783 1005 867 Evangelia,
1055 787 1238 865 Nicenum,

282 883 508 964 Ephesinum,
557 884 993 966 Constantinopolitanum,
1047 885 1237 950 Chalcedo-

282 1000 412 1059 nense;
439 982 694 1046 Antiochenum
711 985 907 1060 concilium,
929 994 964 1048 et
989 986 1128 1048 decreta
1155 1005 1237 1049 san·

280 1087 417 1144 ctorum
438 1091 575 1164 patrum
600 1081 836 1145 Romanorum
860 1083 1072 1165 pontificum,
1095 1091 1131 1146 et
1147 1103 1237 1164 prae-

279 1179 380 1260 cipue
398 1181 539 1243 decreta
555 1182 683 1244 domini
700 1183 766 1243 mei
782 1200 884 1262 papae
899 1181 1062 1261 Gregorii
1077 1181 1183 1257 VII.,
1199 1191 1235 1246 et

279 1277 393 1341 beatae
408 1280 582 1342 memoriae
604 1298 704 1361 papae
727 1280 871 1342 Urbani.
924 1280 1014 1357 Quae
1030 1281 1095 1360 ipsi
1112 1280 1234 1344 lauda-

278 1385 417 1450 verunt,
442 1377 570 1456 laudo;
603 1397 681 1458 quae
704 1379 770 1457 ipsi
793 1384 991 1452 tenuerunt,
1008 1386 1129 1454 tene03
1153 1398 1233 1461 quae

277 1475 584 1550 confirmaverunt,
622 1475 810 1554 confirm03
849 1494 927 1557 quae
966 1477 1232 1554 damnaverunt,

279 1573 430 1651 damno;
471 1593 550 1656 quae
579 1574 791 1654 repulerunt,
825 1576 976 1655 repello;
1017 1595 1095 1657 quae
1124 1576 1231 1639 inter·

276 1669 451 1749 dixerunt,
497 1673 691 1750 interdico;
731 1692 809 1754 quae
847 1673 1109 1753 prohibuerunt,
1149 1693 1230 1755 pro·

275 1767 376 1833 hibeo
389 1773 426 1834 in
443 1773 601 1835 omuibus
616 1780 651 1835 et
673 1789 734 1853 per
756 1771 882 1846 omnia,
905 1778 940 1833 et
962 1771 997 1833 in
1020 1771 1073 1834 his
1095 1792 1231 1855 semper

275 1869 530 1946 perseverabo?
597 1869 732 1946 Quibus
764 1869 927 1949 expletis
969 1872 1121 1933 surrexit
1164 1892 1228 1952 pro
1242 1886 1376 1975 qondepps·

276 1968 436 2030 omnibus
449 1966 620 2030 Girardus
636 1966 910 2045 Engolismensis
922 1969 1118 2048 episcopus,
1133 1969 1230 2050 lega·
1242 1940 1366 2034 lilla:

273 2070 331 2126 tus
348 2065 384 2127 in
399 2064 603 2147 Aquitania,
622 2073 656 2128 et
670 2065 844 2128 communi
862 2082 1007 2127 assensu
1023 2067 1149 2129 domiui
1166 2087 1229 2149 pa·

273 2181 329 2242 pae
350 2163 533 2227 Paschalis
555 2165 731 2244 totiusque
754 2163 903 2239 concilii,
926 2182 1043 2226 coram
1070 2167 1229 2229 omnibus

273 2259 361 2340 legit
381 2263 470 2325 hanc
494 2263 712 2342 scripturam.
765 2261 1016 2342 ‘Privilegium
1034 2262 1118 2326 illud
1135 2264 1228 2345 quod

271 2369 419 2422 nonest
445 2359 677 2440 privilegium,
702 2359 761 2422 sed
781 2378 862 2422 vere
893 2359 995 2422 debet
1019 2360 1086 2422 dici
1114 2363 1228 2442 pravi·

272 2455 416 2536 legium,
435 2477 498 2539 pro
515 2457 718 2520 liberatione
735 2459 953 2538 captivorum
970 2465 1005 2520 et
1020 2459 1187 2536 ecclesiae,
1207 2479 1229 2523 a

271 2554 413 2619 domino
429 2554 594 2618 Paschali
609 2574 702 2637 papa
716 2574 778 2637 per
789 2555 990 2619 violentiam
1006 2557 1097 2635 regis
1116 2556 1227 2621 Hein-

271 2652 334 2716 rici
358 2661 547 2730 extortum,
567 2673 630 2717 nos
652 2672 785 2728 omneS,
803 2654 838 2715 in
862 2653 928 2716 hoc
943 2661 1065 2717 sancto
1081 2656 1227 2720 concilio

271 2752 501 2816 cumdomino
512 2771 604 2833 papa
619 2753 835 2833 congregati,
851 2750 1019 2814 canonica
1034 2771 1179 2816 censura
1190 2763 1227 2818 et

270 2850 510 2914 ecclesiastica
535 2851 755 2926 auctoritate,
774 2849 906 2931 judicio
930 2849 965 2912 S.
982 2849 1142 2930 Spiritus,
1162 2852 1229 2914 da·'

269 2967 443 3026 muamus,
459 2961 494 3011 et
509 2949 642 3010 irritum
660 2967 736 3010 esse
743 2947 953 3029 judicamus,
968 2956 1074 3028 atque
1086 2950 1225 3013 omnino

270 3065 491 3125 quassamus,
505 3054 553 3122 et,
570 3047 707 3127 nequid
727 3045 946 3109 auctoritatis
961 3052 996 3107 et
1009 3045 1224 3110 efficacitatis

268 3143 409 3220 habeat,
439 3146 578 3226 penitus
609 3144 969 3217 excommunicamus;
995 3151 1029 3206 et
1053 3143 1119 3205 hoc
1144 3143 1223 3208 ideo

267 3243 471 3306 damnatum
490 3250 554 3318 est,
578 3244 659 3323 quia
679 3243 713 3302 iu
741 3260 782 3304 eo
804 3240 987 3321 privilegio
1014 3242 1223 3317 continetur,

268 3340 361 3420 quod
380 3341 511 3403 electus
528 3341 693 3402 canonice
709 3358 730 3400 a
743 3341 834 3401 clero
850 3346 886 3401 et
901 3337 1031 3418 populo
1050 3358 1071 3400 a
1087 3341 1222 3404 nemine

268 3446 500 3513 consecretur,
527 3439 593 3500 nisi
616 3439 711 3518 prius
739 3456 760 3499 a
781 3456 862 3516 rege
888 3437 1107 3512 investiatur,
1128 3439 1220 3518 quod

267 3545 320 3599 est
339 3544 461 3599 contra
479 3536 646 3617 Spiritum
671 3535 836 3599 Sanctum
853 3542 887 3597 et
903 3535 1104 3598 canonicam
1122 3536 1222 3599 iusti·

265 3635 457 3697 tutionem?
492 3635 653 3698 Perlecta
669 3653 750 3697 vero
764 3634 828 3696 hac
845 3634 974 3706 charta,
992 3633 1219 3696 acclamatum
1267 3654 1268 3658 ¹

266 3740 320 3794 est
332 3734 376 3793 ab
389 3734 550 3795 universo
564 3732 709 3796 concilio
723 3752 731 3794 ε
756 3737 765 3765 ‘
779 3732 904 3805 Anien,
920 3749 1031 3802 amen,
1044 3730 1117 3804 fiat,
1138 3732 1220 3794 fiat!

265 3823 540 3910 Archiepiscopi,
566 3830 624 3909 qui
652 3848 729 3891 cum
756 3831 827 3891 suis
855 3827 1084 3906 suffraganeis
1116 3830 1220 3890 inter·

264 3929 416 4003 fuerunt,
432 3929 467 3989 hi
485 3935 586 3990 sunt:
612 3927 790 3989 lohannes
806 3925 1004 4005 patriarcha
1019 3924 1220 4002 Veneticae,

263 4027 395 4090 Sernies
452 4026 652 4109 Capuanus,
701 4023 891 4087 Landulsus
941 4023 1219 4100 Beneventanus,

315 4143 402 4187 Tou.
422 4142 460 4187 Π.
1048 4140 1066 4183 F
