3074 4508
360 370 402 430 22
732 382 942 430 cnuorucon

360 541 509 603 mensis:
550 560 591 602 ea
622 559 761 620 quoque
793 548 1001 621 tempestate
1034 555 1096 599 rex
1133 535 1321 617 praedictus

361 639 465 714 illins,
498 647 538 701 ut
566 639 639 700 veri
670 637 871 712 consiliarii,
905 639 1085 699 fruebatur
1118 634 1319 715 prudentiu3

363 739 453 799 bene
472 738 561 798 enim
578 737 757 816 sapiebat3
781 735 926 816 ejusque
951 735 1104 798 consiliis
1124 732 1231 795 totius
1249 731 1324 793 An·

365 835 447 914 gliae
471 837 689 898 tractabatur
715 833 924 916 respublica.
979 831 1030 893 Hi
1054 839 1153 893 erant
1176 848 1323 912 quorum

365 933 537 1012 majorum
561 941 775 995 terrenarum
800 932 998 995 divitiarum
1027 931 1062 991 in
1088 947 1196 1008 regno
1218 927 1326 1008 polle·

365 1028 564 1107 batgloria.
605 1028 888 1092 commilitonum
905 1031 1023 1104 etiam,
1038 1035 1073 1091 et
1088 1025 1325 1090 consodalium
1387 1100 1389 1103 ¹
1477 1085 1480 1090 .

366 1125 615 1206 conjurationis
650 1127 699 1188 eis
737 1125 848 1188 indies
885 1129 1063 1189 crescebat
1101 1124 1324 1188 abundantia.

368 1224 576 1287 Execrabile
598 1233 714 1288 autem
732 1225 796 1288 hoc
815 1223 947 1287 factum
971 1226 1061 1286 clam
1086 1229 1342 1285 tractaverunt*

367 1325 402 1385 in
420 1322 700 1404 Quadragesima
726 1321 763 1407 [1
787 1323 910 1403 Mar.],
936 1323 1027 1404 quod
1055 1321 1123 1384 cito
1154 1320 1189 1382 in
1210 1320 1326 1401 palam

368 1425 547 1502 prorumpi
576 1429 694 1503 posset
717 1430 796 1503 post
821 1421 959 1484 Pascha
979 1421 1039 1502 [16
1064 1418 1182 1500 Apr.];
1206 1438 1284 1481 nam
1306 1437 1327 1480 a

369 1520 480 1599 regali
496 1539 533 1582 se
549 1520 795 1582 subtrahentes
811 1522 919 1594 curia,
941 1521 1138 1582 munierunt
1161 1517 1324 1592 castella3

371 1617 510 1692 ferrum,
528 1618 713 1692 flammam,
731 1618 881 1699 praedas,
900 1638 1018 1680 necem
1036 1618 1276 1679 excitaverunt
1291 1615 1327 1674 in

370 1716 533 1793 patriam.
587 1715 676 1778 Ecce
700 1716 833 1777 factum
858 1715 1065 1788 execrabile,
1088 1732 1166 1776 ecce
1188 1712 1328 1787 bellum,

371 1819 407 1873 et
433 1812 617 1891 plusquam
645 1813 756 1874 civile.
812 1811 1024 1891 Pugnabant
1050 1809 1140 1873 enim
1168 1818 1329 1890 parentes

372 1909 407 1970 in
430 1908 532 1984 filios,
563 1909 688 1972 fratres
720 1910 756 1971 in
788 1929 985 1990 germanos,
1012 1909 1113 1971 amici
1134 1909 1264 1989 pridem
1294 1909 1329 1970 in

208 2029 289 2066 nonen
374 2013 556 2086 cognatos,
583 2008 693 2087 ignoti
720 2009 755 2070 in
784 2016 980 2071 extraneos
1044 2007 1184 2069 Interea
1206 2005 1332 2086 praedi-

206 2077 344 2173 diffidas
375 2114 453 2168 ctus
477 2106 659 2186 episcopus
684 2106 897 2180 BaiocensiS,
924 2107 1059 2166 munita
1082 2104 1332 2179 Roveceastra,

208 2174 317 2263 ltll.⁸¹²¹'
376 2203 472 2264 misit
494 2201 756 2275 Normanniam,
787 2202 976 2264 exhortans
1001 2202 1159 2263 comitem
1184 2187 1332 2263 Rotber-

243 2322 245 2324 ·
378 2307 452 2361 tum
484 2299 555 2360 cito
585 2300 702 2362 venire
734 2300 770 2361 in
800 2297 978 2379 Angliam,
1010 2300 1174 2361 nuntians
1201 2299 1232 2361 ei
1258 2318 1330 2361 rem

374 2404 520 2477 gestam,
553 2395 726 2460 affirmans
759 2406 920 2478 paratum
954 2398 1019 2459 sibi
1049 2417 1205 2477 regnum,
1237 2404 1272 2459 et
1303 2398 1333 2458 si

374 2495 441 2556 sibi
470 2513 540 2555 non
568 2495 762 2569 desisteret,
789 2503 947 2576 paratam
971 2503 1007 2558 et
1029 2514 1204 2557 coronam.
1232 2495 1333 2558 'Ru-

318 2597 322 2603 '
375 2611 471 2654 more
499 2600 616 2654 autem
647 2588 833 2674 percussus
859 2593 1010 2668 insolito,
1041 2611 1156 2654 comes
1184 2593 1333 2668 exultat,

338 2755 342 2762 ,
376 2690 498 2751 amicis
529 2691 685 2765 nunciat,
716 2690 816 2770 quasi
843 2690 918 2772 jam
945 2691 988 2753 de
1014 2690 1162 2752 victoria
1192 2709 1334 2752 securus

377 2787 581 2868 triumphat,
596 2788 713 2869 plures
732 2787 775 2849 ad
792 2788 946 2868 praedam
961 2788 1105 2864 incitat3
1132 2787 1245 2850 Odoui
1260 2789 1333 2869 epi·

377 2904 494 2964 scopu,
507 2894 633 2966 patruo
645 2905 722 2962 suo,
735 2886 938 2949 auxiliarios
950 2888 987 2948 in
999 2885 1160 2966 Angliam
1173 2887 1281 2967 legat,
1297 2906 1335 2948 se

292 2981 294 2985 ’
378 2983 597 3063 quantocius,
620 2991 834 3063 congregato
856 2983 981 3065 majori
1004 2984 1171 3057 exercitu,
1196 2991 1335 3047 secutu-

378 3100 455 3141 rum
474 3079 633 3144 affirmat.
680 3081 783 3143 Missi
800 3100 821 3143 a
838 3083 963 3144 comite
980 3083 1152 3146 Rotberto
1167 3091 1336 3145 venerunt

378 3179 413 3238 in
432 3177 609 3257 Angliam,
624 3181 668 3241 ab
688 3178 810 3241 Odone
828 3181 992 3260 episcopo
1011 3179 1056 3242 ad
1075 3180 1334 3242 custodiendum

379 3284 585 3355 receperunt
604 3267 897 3354 Roveceastram;
922 3286 958 3340 et
976 3279 1097 3340 horum
1115 3284 1154 3338 ut
1171 3279 1336 3357 primates

381 3372 563 3435 Eustatius
582 3374 714 3455 junior,
742 3393 859 3436 comes
889 3375 1067 3449 Bononiae,
1084 3381 1119 3436 et
1146 3374 1336 3438 Rotbertus

216 3492 310 3530 rvnnnn
320 3501 367 3538 pre.
379 3469 422 3530 de
453 3469 635 3533 Beleasmo
660 3473 830 3551 gerebant
857 3491 987 3534 curam.
1041 3472 1159 3553 Hujus
1182 3492 1264 3534 vero
1288 3476 1337 3536 rei

214 3539 368 3629 l'iss‘ssi‘ssilil‘d
382 3576 420 3629 ut
439 3567 483 3628 ad
500 3586 602 3630 aures
619 3571 712 3648 regis
730 3571 889 3649 pervenit
908 3570 1044 3644 notitia,
1062 3570 1201 3632 insolito
1221 3574 1337 3633 turba·

381 3672 438 3726 tur
461 3665 641 3738 molestia,
664 3666 743 3747 jure
767 3675 884 3728 autem
906 3668 1013 3746 regie,
1031 3668 1184 3742 militari,
1208 3677 1247 3731 ut
1272 3670 1336 3730 im·

380 3763 490 3842 piger,
515 3761 625 3824 fretus
648 3764 804 3838 audacia,
829 3765 935 3826 mittit
957 3765 1103 3845 legatos
1125 3773 1228 3828 vocat
1251 3786 1338 3847 quos

382 3861 448 3921 sihi
471 3861 580 3923 credit
604 3861 703 3937 fidos,
726 3862 823 3924 vadit
848 3861 1079 3939 Lundoniam,
1101 3864 1183 3926 belli
1210 3871 1341 3926 tracta-

372 3963 481 4018 ·turus
511 3960 662 4038 negotia,
692 3960 923 4040 expeditionis
953 3963 1154 4043 provisurus
1183 3979 1341 4023 necessa-

382 4053 444 4116 ria.
500 4054 723 4136 Congregato
744 4077 827 4120 vero
847 4069 1014 4138 quantum
1038 4059 1080 4121 ad
1099 4076 1252 4137 praesens
1277 4079 1340 4139 po·
