3074 4508
301 352 363 410 xvi
487 410 489 415 ,
690 365 862 412 PREFAGE.

299 522 454 604 proferre
486 523 600 597 valeo,
633 530 797 603 tanquam
830 523 921 602 grati
950 520 1055 583 animi
1086 529 1120 584 et
1157 541 1251 583 sum-

300 641 434 686 morum
459 629 598 684 tuorum
621 639 704 700 erga
724 640 777 682 me
801 619 1041 683 beneficiorum
1062 639 1132 682 non
1152 619 1251 682 obliti

300 721 425 800 pignus
449 722 497 783 sis
523 727 751 800 accepturus:
775 737 838 801 pro
862 719 997 799 quibus,
1020 718 1112 799 quod
1135 718 1248 780 solum

299 830 456 899 possum,
483 838 620 900 semper
645 826 680 882 et
705 818 831 898 ubique
857 837 911 880 me
938 818 990 881 tui
1014 816 1248 881 observantis·

300 917 424 979 simum
442 918 515 981 sore
532 925 568 980 et
586 918 751 998 polliceor
766 924 801 980 et
815 918 998 998 praestabo,

554 1013 803 1096 Amplitudinis
822 1023 891 1079 tuae
909 1013 1154 1086 deditissimus,

768 1113 988 1177 Gunrnnuus
1012 1113 1248 1175 Hownnnus

525 1529 757 1594 CANDIDO
792 1529 1021 1595 LECTORI.

346 1700 455 1776 Eccu,
467 1703 616 1781 benigne
627 1702 748 1777 lector,
762 1708 814 1764 tot
828 1701 976 1764 evolutis
987 1699 1122 1761 saeculis
1135 1698 1250 1777 prodit

300 1796 338 1858 in
351 1797 474 1873 lucem,
493 1807 528 1861 et
544 1818 697 1861 censurae
716 1806 785 1860 tuae
807 1817 843 1858 se
866 1796 1004 1878 subjicit
1021 1795 1247 1877 opusculum:

301 1895 333 1956 si
358 1901 534 1957 auctorem
559 1895 698 1976 quaeris,
723 1895 891 1960 Florentii
910 1893 1034 1957 eruditi
1059 1892 1249 1974 Wigorniae

300 1991 483 2056 monachi:
517 1991 548 2055 si
573 1994 751 2075 originem,
782 1995 826 2056 ab
850 1993 935 2075 ipsis
959 1991 1078 2055 mundi
1104 1993 1249 2056 incuna-

300 2090 392 2153 bulis
419 2091 464 2153 ad
486 2090 633 2154 Henrici
658 2092 776 2167 Primi,
799 2093 890 2172 regis
918 2090 1068 2170 Angliae,
1091 2097 1251 2171 tempora

300 2187 507 2250 deductum:
542 2191 572 2251 si
603 2189 794 2264 materiam,
820 2196 891 2250 tam
922 2195 1023 2250 extra
1054 2205 1158 2268 quam
1186 2188 1249 2250 do·

300 2285 447 2348 mestica
462 2293 564 2366 gesta
580 2287 780 2348 continens:
805 2292 839 2349 et
855 2286 922 2348 nisi
940 2286 1138 2361 multorum,
1155 2285 1248 2365 quod

301 2381 366 2446 vix
397 2383 472 2446 fieri
503 2402 607 2465 posse
639 2384 798 2461 arbitror,
831 2390 922 2447 erret
946 2383 1132 2467 judicium,
1155 2383 1248 2464 quod

300 2481 410 2562 praelo
440 2482 626 2545 mandetur
657 2483 812 2564 inprimis
842 2481 994 2563 dignum.
1055 2480 1137 2543 Hoc
1169 2501 1248 2544 cum

295 2578 433 2660 jamdiu
463 2581 556 2642 intra
578 2580 734 2661 privatos
761 2580 911 2662 parietes
940 2578 1135 2642 conclusum
1159 2579 1249 2642 latu-

299 2675 397 2753 isset,
412 2678 630 2757 quorundam
647 2676 787 2741 hortatu
811 2678 963 2739 animum
983 2676 1104 2738 induxi
1122 2695 1248 2752 meum,

299 2783 460 2856 sumptus
484 2776 620 2856 aliquos
647 2782 681 2839 et
705 2794 845 2856 operam
872 2793 980 2837 meam
1003 2775 1039 2836 in
1062 2775 1181 2836 eodem
1198 2775 1250 2838 di-

299 2872 476 2953 vulgando
501 2872 714 2955 impendere:
739 2873 890 2936 maxime
902 2873 938 2934 in
953 2891 1069 2935 eorum
1087 2873 1247 2952 gratiam,

299 2971 417 3050 quise
440 2979 534 3034 totos
558 2971 638 3034 hnic
661 2991 834 3052 nunquam
858 2971 943 3033 satis
966 2969 1107 3033 laudato
1130 2972 1246 3034 studio

299 3068 527 3132 devoverunt.
580 3069 631 3132 Ut
662 3077 779 3132 autern
813 3069 856 3131 ad
887 3067 989 3149 hujus
1028 3067 1142 3148 operis
1173 3068 1249 3149 ple·

298 3166 428 3230 niorem
461 3167 704 3246 cognitionem,
733 3175 901 3246 tanquam
928 3164 1063 3227 Theseo
1091 3165 1160 3241 filo,
1188 3166 1250 3228 du-

298 3265 402 3340 caris,
418 3265 522 3328 liceat
550 3264 635 3326 mihi
661 3266 752 3328 bona
777 3270 840 3327 tua
865 3283 942 3327 cum
970 3264 1071 3326 venia
1098 3270 1133 3325 te
1153 3283 1249 3345 prae-

297 3381 451 3439 monere,
470 3369 646 3424 auctorem
663 3364 699 3424 in
716 3381 781 3424 sua
804 3380 971 3424 annorum
989 3363 1247 3441 computatione

298 3460 384 3522 duas
411 3461 597 3522 observare
626 3461 743 3535 series,
771 3479 875 3521 unam
900 3457 1089 3520 secundum
1116 3459 1249 3541 Diony-

298 3556 399 3634 sium,
419 3559 475 3620 cui
490 3557 526 3619 in
544 3558 675 3621 vertice
694 3558 831 3640 paginae
847 3557 921 3619 haec
944 3563 1027 3618 nota
1042 3556 1077 3618 S.
1095 3557 1141 3619 D.
1157 3577 1246 3638 prae-

297 3654 437 3735 figitur:
470 3656 616 3718 alteram
643 3655 829 3719 secundum
855 3654 1095 3734 Evangelium,
1123 3656 1178 3717 cui
1202 3675 1245 3718 ex

297 3753 445 3816 adverso
470 3754 507 3816 S.
524 3754 565 3816 Ε.
587 3753 711 3816 indicis
736 3754 812 3816 loco
837 3760 1115 3834 praeponuntur·
1147 3751 1246 3830 Quas

296 3851 435 3932 quidem
465 3853 571 3914 series
605 3868 704 3915 xxu.
736 3851 835 3914 annis
863 3852 952 3914 inter
986 3871 1022 3913 se
1052 3851 1246 3931 discrepare

295 3948 462 4014 invenies.
482 3952 502 3993 *
532 3953 553 3994 *
579 3953 600 3994 *
626 3953 647 3993 *
676 3951 696 3992 *
725 3952 745 3993 *
771 3952 792 3993 *
820 3948 1044 4027 *Quantum
1071 3949 1113 4010 ad
1137 3949 1246 4011 histo·

293 4047 380 4110 riam
412 4057 562 4129 spectat,
594 4051 637 4111 ab
668 4050 811 4130 antiquo
843 4048 1033 4128 exemplari
1065 4065 1106 4108 ne
1135 4047 1246 4110 latum
