3074 4508
436 334 626 382 vnonnnvn
655 334 939 383 winonvimvsis.
1119 323 1164 386 29

209 510 374 571 percussa
409 492 451 554 ad
488 501 613 555 terram
645 493 784 556 decidit.
852 492 1004 574 Magnus
1038 493 1163 558 deinde

209 589 323 652 sumus
363 609 439 652 cum
485 591 750 675 nimiosoetove
795 594 1011 667 subsecutus,
1050 599 1162 656 totam

209 688 388 751 ecclesiam
428 689 583 770 replevit.
616 698 651 753 et
688 690 820 753 tamdiu
862 692 1014 766 duravit,
1046 693 1163 771 quoad

209 786 276 849 loci
306 787 400 849 iilius
428 787 586 851 monachi
615 808 693 852 cum
721 808 814 869 aqua
841 790 1022 852 benedicta
1047 798 1082 852 et
1109 791 1164 852 in-

208 903 326 959 censu,
343 893 379 948 et
398 886 551 966 reliquiis
566 895 773 963 sanctorum,
789 886 945 950 officinas
961 889 1163 951 monasterii

209 984 361 1062 psalmos
392 984 606 1047 decantando
636 986 866 1049 circumirent.
929 985 1006 1048 Nec
1035 988 1251 1062 minuetum

211 1097 289 1144 xvi.
309 1081 377 1146 kal.
405 1082 611 1146 Novembris
641 1084 700 1164 [17
723 1084 834 1164 Oct.]‚
860 1084 943 1148 seria
971 1101 1031 1161 vn,
1057 1087 1162 1148 turbo
1176 1054 1272 1092 ΜΝ

211 1181 353 1243 veniens
391 1183 435 1245 ab
459 1182 577 1245 Africo
610 1184 819 1264 pervalidus
853 1183 1045 1246 Lundoniae
1082 1183 1162 1264 plus

210 1298 313 1359 quam
340 1289 522 1343 sexcentas
549 1282 666 1344 domos
688 1292 724 1344 et
746 1281 910 1344 ecclesias
937 1283 1162 1362 quamplures

210 1379 438 1441 concutiendo
458 1379 700 1442 diverberavit.
753 1379 796 1441 In
820 1381 999 1443 ecclesiam
1023 1400 1162 1462 quoque

211 1475 246 1539 S.
265 1476 389 1540 Mariae
410 1497 487 1557 quae
514 1477 639 1540 dicitur
662 1479 704 1540 ad
729 1477 879 1541 Aroum¹
904 1481 1050 1555 irruens,
1068 1481 1163 1543 inea

210 1575 297 1638 duos
327 1576 454 1638 occidit
484 1575 647 1651 homines,
671 1583 707 1638 et
735 1585 864 1639 tectum
890 1597 967 1640 cum
995 1578 1099 1658 tignis
1128 1579 1163 1640 in

210 1674 318 1737 altum
356 1673 488 1749 levans,
521 1683 556 1738 et
597 1674 662 1736 huc
699 1674 850 1755 illucque
885 1674 943 1736 diu
978 1694 1041 1756 per
1079 1674 1162 1739 ae'ra

209 1771 335 1849 serens,
354 1775 491 1837 tandem
509 1793 571 1836 sex
589 1773 631 1836 de
652 1774 770 1853 tignis,
787 1792 828 1836 eo
848 1773 967 1836 ordine
982 1793 1052 1855 quo
1069 1782 1162 1838 tecto

210 1871 307 1951 prius
331 1872 439 1934 infixa
461 1879 569 1947 erant,
587 1879 658 1934 tam
680 1873 749 1936 alte
771 1873 952 1935 interram
972 1872 1162 1949 defixit,ut

209 1968 251 2030 de
269 1969 473 2049 quibusdam
494 1988 611 2032 eorum
626 1971 784 2050 septima,
802 1970 845 2031 de
857 1971 1061 2052 quibusdam
1079 1990 1161 2034 vero

210 2074 336 2132 octava
367 2087 447 2149 pars
471 2075 672 2148 apparerem
706 2073 806 2130 erant
833 2069 923 2130 enim
951 2084 1072 2131 xxvii.
1104 2069 1160 2132 vel

211 2182 350 2228 xxviii.
375 2167 501 2249 pedum
524 2166 757 2246 longitudinis.
810 2165 898 2229 Post
925 2164 999 2229 haee
1024 2185 1088 2230 rex
1118 2166 1161 2230 de

212 2264 464 2345 Northymbria
494 2283 555 2346 per
582 2264 748 2327 Merciam
783 2265 818 2326 in
846 2264 1158 2328 west-Saxoniam

211 2362 323 2438 rediit,
334 2370 369 2426 et
381 2381 495 2426 secum
508 2364 578 2425 fere
588 2381 698 2443 usque
712 2363 754 2425 ad
769 2361 1000 2426 Nativitatem
1016 2363 1161 2425 Domini
1260 2397 1262 2399 ·

211 2461 271 2540 [25
284 2461 386 2542 Deo]
402 2461 562 2524 comitem
577 2460 729 2536 retinnit,
745 2461 805 2523 sed
824 2460 1087 2523 conventionem
1104 2461 1158 2523 in-

213 2567 267 2622 ter
282 2578 343 2622 eos
355 2559 483 2623 factam
498 2559 549 2622 illi
564 2559 760 2640 persolvere
772 2559 894 2622 noluit.
923 2557 1025 2636 Quod
1041 2578 1159 2623 comes

210 2659 365 2738 graviter
381 2659 506 2733 serem,
531 2663 584 2721 x⁰.
607 2656 678 2720 kal.
702 2656 862 2720 Januarii
886 2657 941 2720 die
966 2657 1025 2738 [23
1041 2658 1159 2738 Dec.],

210 2775 290 2819 cum
335 2757 462 2820 clitone
510 2756 670 2836 Eadgaro
711 2755 963 2819 Normanniam
1007 2756 1169 2836 repetiit.-

212 2855 323 2917 Erant
343 2856 424 2930 duo,
443 2863 483 2918 ut
502 2854 537 2916 in
559 2853 689 2934 Anglia
713 2853 897 2927 ferebatur,
917 2853 975 2934 qui
995 2854 1159 2916 diceban·
1171 2865 1310 2916 homno·

153 3016 156 3021 .
212 2961 269 3015 tur
282 2953 433 3016 Romani
451 2951 642 3034 pontifices,
659 2971 680 3014 a
695 2971 732 3014 se
749 2953 893 3014 invicem
910 2951 1160 3028 discordantes

210 3059 245 3114 et
273 3053 454 3114 ecclesiam
479 3051 547 3114 Dei
573 3052 662 3113 inter
685 3069 722 3113 se
749 3051 895 3113 divisam
919 3057 999 3130 post
1023 3069 1061 3112 se
1088 3056 1161 3113 tra-

211 3149 352 3212 hentes:
390 3149 553 3213 Urbanus
580 3149 723 3222 scilicet,
749 3149 809 3230 qui
836 3148 984 3229 primum
1013 3157 1161 3210 vocatus

210 3248 289 3310 Odo
307 3248 432 3324 suerat,
450 3245 830 3329 episeopusOstiensis,
849 3253 885 3308 et
906 3244 1077 3321 Clemens,
1101 3247 1162 3326 qui

209 3347 388 3411 Wibertus
415 3345 608 3428 appellatus
632 3344 755 3419 fuerat,
783 3343 1063 3423 archiepiscopus
1088 3342 1162 3407 Ra-

210 3446 405 3509 vennensiS.
458 3445 546 3521 Quae
567 3461 633 3518 ree,
650 3452 689 3504 ut
708 3443 750 3504 de
771 3442 847 3504 aliis
867 3441 987 3502 mundi
1003 3442 1161 3521 partibus

210 3546 385 3620 sileamus,
420 3563 481 3625 per
512 3543 626 3624 plures
661 3560 769 3603 annos
804 3539 984 3602 ecclesiam
1018 3540 1159 3619 Angliae

209 3645 244 3705 in
262 3650 398 3705 tantum
417 3641 609 3723 occupavit,
627 3647 666 3702 nt
681 3659 725 3702 ex
743 3657 811 3718 quo
830 3636 1034 3717 GregoriuS,
1050 3638 1111 3718 qui
1126 3647 1161 3700 et

211 3741 480 3815 Hildebrandus‚
510 3740 690 3802 defunctus
719 3737 796 3811 suit,
832 3735 917 3797 nulli
948 3736 1025 3797 loco
1058 3755 1159 3815 papae

209 3859 320 3920 usqne
341 3840 384 3900 ad
405 3839 469 3900 hoe
490 3846 625 3916 tempus
645 3835 745 3897 subdi
765 3833 819 3896 vel
844 3833 982 3894 obedire
998 3833 1159 3895 voluerit.

386 4047 392 4079 ¹
413 4049 441 4098 S.
454 4049 543 4097 Μανία
554 4049 585 4095 ad
597 4046 715 4108 Arcum]
734 4046 772 4096 St.
782 4046 983 4106 Merv-leffium.
