3074 4508
360 324 425 385 110
611 339 859 387 courruurrro
884 339 1058 387 cucumer

195 506 334 604 ffifg‘l’
361 497 477 574 stella,
494 495 607 561 Caris¹
631 498 665 560 in
692 495 913 570 Dorsctania,
932 501 967 557 et
982 492 1180 574 Harpetreo
1195 493 1227 554 iu
1245 492 1311 556 Su-

195 606 333 656 ananum,
361 598 571 660 mersetania
601 597 682 670 sita,
716 594 905 659 obsidenda
936 592 1087 667 divertit,
1117 591 1311 672 ibidemque

361 695 590 758 anticastellis
614 696 797 769 extructis,
821 703 855 757 et
871 712 976 756 manu
998 690 1138 753 militari
1160 689 1311 763 munitis,

361 791 532 867 discessit,
555 804 590 856 et
616 793 660 855 ad
689 793 868 856 castellum
893 791 936 854 de
963 788 1189 869 Duddelacge,
1220 787 1311 868 quod

363 888 501 951 Radult'
518 889 667 969 Paiguel
682 900 803 954 contra
826 891 924 953 illum
947 890 1129 963 munierat,
1145 906 1222 951 cum
1237 892 1312 950 toto

197 998 298 1086 pegigi?
362 987 519 1049 exercitu
541 1005 759 1067 eggressum,
775 989 857 1068 egit.
912 987 984 1050 Ubi
1009 1006 1087 1067 qum
1109 987 1145 1048 in
1167 985 1311 1048 circuitu

196 656 281 694 caules.

196 1058 336 1186 {Effigie
362 1092 463 1147 erant
488 1085 569 1165 igne
596 1085 799 1160 combustiS,
820 1086 1074 1164 multiplicique
1097 1083 1213 1164 praeda
1240 1083 1312 1145 ani-

264 1175 270 1186 '
361 1184 503 1245 mulium
525 1191 630 1264 capta
655 1190 691 1245 et
713 1183 874 1257 abducta,
897 1182 943 1244 ad
968 1182 1232 1262 Scropberieuse
1256 1200 1313 1244 ca·

360 1282 513 1358 stellum,
537 1282 630 1364 quod
647 1281 845 1344 Willelmus
863 1278 971 1344 Alani
987 1279 1078 1342 filius
1094 1278 1312 1342 adversative

362 1389 533 1457 tenuerat,
574 1381 815 1458 obsidendum,
863 1378 1121 1442 multitudinem
1164 1378 1310 1441 militum

360 1499 478 1543 secum
501 1482 536 1542 iu
559 1499 654 1543 mare
677 1482 781 1561 cepit.
833 1479 1055 1559 Praecognito
1082 1483 1197 1540 autem
1218 1477 1311 1558 regis

361 1579 525 1652 adventu,
556 1579 646 1640 idem
682 1578 887 1653 WillelmuS,
916 1598 994 1640 cum
1025 1596 1135 1640 uxore
1165 1582 1200 1639 et
1229 1576 1310 1638 filiis

362 1682 398 1737 et
429 1675 637 1755 quibusdam
661 1675 751 1750 aliis,
779 1676 929 1737 latenter
962 1676 1080 1755 fugam
1114 1675 1200 1748 iniit,
1232 1673 1312 1735 reli·

360 1770 427 1832 ctis
455 1773 490 1832 in
516 1772 661 1834 castello
692 1772 752 1851 qui
784 1773 849 1834 sibi
880 1772 916 1832 in
946 1791 1016 1834 nun
1049 1771 1220 1833 reddendo
1249 1771 1310 1833 illo

360 1867 563 1931 fidelitatem
575 1870 794 1953 juraverant.
848 1869 1001 1932 Obsesso
1019 1869 1174 1950 pluribus
1190 1869 1311 1933 diebus

360 1966 518 2045 castello,
534 1968 578 2031 ad
601 1969 637 2031 id
661 1969 946 2050 expugnandum,
970 1976 1010 2031 ut
1031 1967 1147 2031 serunt
1168 1969 1227 2049 qui
1249 1987 1312 2031 no·

360 2074 499 2142 verunt,
524 2067 606 2130 talis
632 2075 778 2148 paratur
802 2066 975 2130 machina.
1028 2065 1213 2146 Congeries
1240 2085 1311 2129 non

359 2165 496 2227 modica
510 2165 686 2244 lignorum
702 2164 913 2242 congeritur,
925 2163 1120 2239 adhibetur,
1131 2163 1312 2226 castelline

359 2260 456 2324 fossa
487 2262 592 2344 jussu
629 2262 722 2342 regis
755 2261 931 2342 impletur,
962 2261 1052 2342 ignis
1081 2261 1311 2336 succenditur,

359 2358 475 2421 fumus
491 2360 527 2421 in
549 2359 659 2422 altum
675 2379 714 2423 se
736 2359 842 2435 levat,
859 2379 980 2423 omnes
1002 2358 1187 2439 infumigat
1199 2366 1237 2422 et
1251 2377 1313 2422 ex·

359 2456 517 2538 fumigat.
571 2458 687 2539 Regia
704 2458 739 2521 vi
762 2466 865 2540 porta
885 2458 1051 2539 aperitur.
1102 2457 1312 2521 Decidentes

359 2556 416 2619 vel
437 2556 642 2637 derepentes
665 2557 708 2619 de
731 2556 875 2620 castello
899 2556 1020 2636 fugam
1046 2555 1169 2618 misere
1192 2555 1314 2618 ineunt

360 2672 492 2729 omnes,
509 2673 596 2736 quos
611 2655 748 2735 insequi
764 2661 799 2717 et
814 2655 891 2717 neci
909 2654 1046 2717 tradere
1063 2653 1159 2733 regia
1170 2653 1314 2716 mandat
1344 2721 1345 2724 ,

360 2770 518 2816 censura.
580 2751 744 2833 Quinque
773 2771 818 2814 ex
848 2752 899 2814 eis
926 2752 994 2816 viri
1024 2751 1209 2815 nobiliores
1234 2771 1312 2814 sus-

195 2867 299 2960 ffiep
360 2850 570 2931 penduntur.
602 2849 763 2914 Devictis
776 2850 946 2926 hostibnS,
958 2869 1020 2913 rex
1032 2850 1112 2913 inde
1123 2849 1311 2913 discessum

196 2965 317 3004 vatum.
360 2950 444 3028 egit,
479 2957 514 3012 et
546 2967 669 3012 versus
701 2949 868 3013 Werham
900 2948 1155 3029 expeditionem
1193 2948 1311 3011 movit.

360 3047 507 3110 Dextris
521 3066 604 3109 vero
627 3047 719 3110 datis
738 3053 773 3109 et
790 3047 956 3128 acceptis,
974 3046 1148 3110 Radulsus
1166 3045 1312 3128 Paignel

195 3159 438 3245 meqffirresscum
461 3164 544 3226 rege
566 3145 771 3225 pacificatur
793 3145 837 3208 ad
860 3152 1010 3225 tempus.
1056 3143 1199 3207 Interim
1220 3144 1315 3208 facta

196 3209 310 3345 33&ng
360 3243 599 3324 conjuratione
610 3244 777 3306 adversus
791 3262 908 3324 regem
918 3262 981 3324 per
992 3243 1194 3323 praedictum
1203 3242 1312 3324 Bryc-

230 3319 243 3356 ⁸
296 3333 302 3345 ’
359 3349 566 3404 stowensem
577 3343 750 3417 comitem,
760 3349 795 3404 et
804 3341 1119 3405 conestabularium
1135 3339 1313 3414 Milonem,

360 3438 536 3519 abnegata
564 3438 732 3502 fidelitate
756 3459 861 3520 quam
885 3439 937 3500 illi
957 3438 1171 3519 juraverant,
1199 3438 1313 3500 missis

359 3538 491 3599 nuntiis
521 3537 566 3598 ad
595 3536 888 3618 Andegavensem
914 3537 1104 3611 civitatem,
1131 3544 1314 3598 accersunt

359 3635 690 3715 err-imperatricem,
707 3635 852 3698 Henrici
867 3634 960 3714 regis
972 3633 1090 3708 filiam,
1105 3633 1314 3715 spondentes

359 3733 391 3794 ei
410 3733 502 3813 quod
517 3733 609 3796 iufra
631 3735 784 3814 quinque
807 3733 977 3795 meusium
1003 3732 1154 3813 spatium
1169 3752 1312 3813 regnum

393 3983 403 4010 ²
431 3983 524 4045 earm]
551 3983 623 4042 Kari,
651 3984 683 4031 R.
704 3984 799 4032 Hored.
836 3983 925 4032 Cnstle
945 3981 1022 4045 Cary,
1044 3984 1090 4031 but
1105 3982 1189 4030 which
1213 3983 1236 4029 is
1259 3983 1313 4030 also

356 4054 382 4099 iu
394 4053 597 4100 Somursetshire.
