3074 4508
295 339 360 402 152
545 351 793 400 courmurmo
818 347 992 394 canorum

297 518 331 574 et
348 510 489 592 quando
516 510 661 584 audivit,
678 508 896 572 vehementer
911 503 989 566 inde
1007 502 1129 565 doluit.
1144 495 1149 504 ’
1182 499 1249 561 Sed

299 611 381 690 quia
424 610 664 672 malefactores
695 606 786 680 illos,
820 605 878 685 qui
911 610 1040 664 sanctae
1076 597 1250 662 memoriae

301 707 588 771 Cantuariensem
627 705 794 768 Thomam
836 700 1131 782 archiepiscopum
1164 697 1252 759 occi·

300 807 425 868 derunt
448 805 575 865 habere
594 822 662 863 non
678 811 828 882 poterat,
845 808 879 865 et
896 801 977 881 quia
996 799 1140 863 timebat
1155 795 1252 874 ipsos

300 902 386 965 illud
404 899 586 981 profanum
609 918 696 980 opus
718 898 923 980 impetrasse
938 917 1045 962 causa
1059 896 1163 960 animi
1179 913 1252 957 mo-

302 1008 358 1063 tus
375 1006 409 1061 et
427 997 636 1060 turbationis
662 1015 764 1077 quam
790 996 825 1057 in
850 1015 890 1058 eo
905 996 1078 1071 viderant,
1093 995 1136 1057 de
1153 994 1253 1056 satis·

303 1097 455 1159 factione
486 1096 557 1157 tale
590 1095 753 1175 praestitit
783 1102 1047 1157 sacramentum.
1113 1092 1254 1155 Juravit

301 1194 485 1275 imprimis,
504 1194 596 1274 quod
622 1194 664 1255 ab
688 1191 903 1267 Alexandro,
926 1210 1062 1254 summo
1080 1189 1254 1270 pontifice,

304 1301 339 1356 et
373 1294 417 1354 ab
460 1291 641 1354 catholicis
678 1291 934 1353 successoribus
972 1309 1041 1352 non
1081 1288 1254 1351 recederet

304 1391 471 1473 quamdiu
506 1391 618 1471 ipsum
642 1390 732 1453 sicut
754 1409 872 1471 regem
895 1388 1105 1451 catholicum
1128 1387 1256 1449 babue-

306 1489 386 1553 rint.
434 1488 577 1552 Juravit
606 1490 722 1564 etiam,
748 1489 839 1570 quod
867 1507 979 1569 neque
1003 1487 1255 1569 appellationes

305 1588 488 1668 impediret
503 1607 614 1668 neque
631 1586 795 1667 impedire
813 1588 1039 1667 permitteret,
1052 1587 1135 1666 quin
1150 1585 1256 1647 libere

306 1685 428 1747 fierent
445 1687 479 1747 iu
498 1706 605 1764 regno
624 1704 687 1748 suo
706 1685 748 1746 ad
773 1685 969 1747 Romanum
993 1684 1202 1764 pontificem,
1220 1684 1255 1745 in

308 1781 555 1843 ecclesiasticis
577 1783 703 1856 causiS,
725 1782 775 1844 sic
798 1790 926 1856 tamen,
943 1789 983 1843 ut
1006 1782 1036 1843 si
1058 1783 1089 1843 ei
1105 1781 1257 1861 suspecti

308 1878 437 1941 suerint
464 1879 585 1958 aliqui,
607 1879 830 1942 securitatem
854 1880 994 1954 faciant,
1012 1878 1104 1960 quod
1128 1879 1257 1941 malum

308 1996 409 2039 suum
427 1977 482 2039 vel
497 1977 595 2058 regni
612 1978 665 2040 sui
678 1981 749 2040 'non
768 1985 937 2058 quaerant.
983 1976 1125 2040 duravit
1140 1977 1258 2051 etiam,

309 2075 402 2156 qnod
432 2077 476 2138 ab
507 2077 660 2139 instante
687 2075 884 2139 Nativitate
912 2076 1054 2140 Domini
1083 2095 1193 2157 usque
1220 2075 1258 2138 in

309 2173 498 2236 trienninm
516 2193 650 2236 crucem
672 2175 855 2255 acciperet,
873 2174 908 2234 in
925 2175 1086 2255 proxima
1098 2175 1260 2254 'sequenti

310 2277 433 2333 aestate
451 2271 487 2332 in
504 2271 647 2351 propria
663 2269 813 2350 persona
839 2270 1119 2353 Hierosolymam
1136 2271 1260 2347 ituruS,

310 2368 379 2429 nisi
393 2368 600 2430 remanserit
613 2369 675 2448 per
692 2365 945 2444 Alexandrum,
961 2388 1132 2431 summum
1146 2370 1260 2450 ponti·

311 2464 423 2541 ficem,
441 2466 498 2528 vel
517 2485 578 2547 per
591 2465 780 2530 catholicos
797 2486 1014 2531 successores
1030 2467 1128 2550 ejus;
1153 2467 1213 2530 sed
1231 2468 1262 2530 si

311 2562 449 2626 interim
487 2571 695 2645 perurgente
733 2566 940 2629 necessitate
976 2566 1012 2628 in
1052 2565 1262 2647 Hispaniam

311 2680 418 2742 super
441 2661 633 2725 Saracenos
651 2662 826 2742 profectus
841 2662 975 2739 fuisset,
992 2672 1160 2744 quantum
1176 2672 1263 2726 tem-

312 2760 408 2839 poris
434 2760 471 2821 in
500 2760 561 2822 illo
595 2761 718 2823 itinere
748 2762 1015 2837 consummaret,
1048 2761 1263 2824 tantumdem

256 2885 258 2889 ·
314 2856 648 2938 Hierosolymitanae
694 2860 845 2940 spatium
885 2858 1108 2940 profectionis
1146 2866 1265 2941 posset

313 2955 534 3035 prolongare.
581 2955 756 3019 Praeterca
768 2958 914 3039 juravit,
927 2957 1019 3038 quod
1035 2958 1173 3020 interim
1188 2966 1265 3020 tan·

314 3059 388 3115 tum
405 3053 563 3133 pecuniae
578 3054 676 3116 daret
690 3054 910 3136 Templariis,
929 3063 1099 3135 quantum
1117 3056 1160 3118 ad
1177 3056 1265 3118 arbi-

314 3151 418 3212 trium
447 3150 592 3214 fratrum
618 3152 754 3234 Templi
784 3154 895 3234 possit
924 3153 1081 3217 sufficere
1108 3154 1152 3216 ad
1182 3154 1265 3216 reti·

316 3248 464 3310 nendum
484 3266 538 3312 cc.
565 3251 703 3324 militeS,
728 3252 772 3312 ad
802 3250 1033 3314 defensionem
1062 3251 1266 3332 Hierosoly·

314 3347 456 3409 mitanae
468 3354 571 3409 terrae
583 3368 645 3428 per
661 3349 811 3429 spatium
830 3351 933 3411 unius
950 3350 1042 3413 anni.
1090 3349 1268 3411 Praeterea

315 3444 521 3523 perdonavit
536 3446 622 3508 iram
635 3454 669 3509 et
681 3447 1074 3512 malevolentiamsuam
1094 3448 1266 3522 omnibus,

316 3549 386 3602 tam
407 3542 542 3604 clericis
559 3563 661 3624 quam
686 3544 796 3618 laicis
815 3545 875 3625 qui
898 3562 961 3624 pro
984 3545 1115 3608 Sancto
1132 3544 1268 3607 Thoma

231 3717 233 3721 Ι
316 3647 416 3701 erant
438 3639 474 3700 in
493 3641 611 3713 exilio,
630 3648 664 3703 et
687 3644 858 3704 concessit
884 3643 932 3704 eis
959 3642 1066 3705 libere
1082 3650 1117 3705 et
1132 3643 1167 3704 in
1182 3663 1269 3724 pace

316 3737 360 3798 ad
378 3739 522 3818 propria
545 3739 664 3801 redire.
716 3737 858 3801 Juravit
881 3741 998 3816 etiam,
1014 3741 1106 3822 quod
1131 3760 1268 3822 posses-

315 3836 431 3897 siones
464 3835 724 3899 Cantuariensis
759 3838 924 3913 ecclesiae,
964 3839 994 3900 si
1032 3859 1110 3920 quae
1144 3840 1270 3902 ablatae

316 3941 428 4008 erant,
452 3934 487 3996 in
512 3935 685 4015 integrum
711 3936 922 4011 restitueret,
941 3938 1032 3999 sicut
1056 3937 1177 4000 habuit
1199 3956 1270 3999 uno

315 4050 406 4092 anno
426 4040 614 4112 antequam
639 4033 824 4114 praedictus
840 4034 1124 4115 archiepiscopus
1138 4036 1182 4096 ab
1199 4034 1272 4097 An-
