3074 4508
314 306 359 369 56
691 321 900 368 cunourcou

152 491 288 582 rreuffuor
316 497 375 540 um
402 480 658 562 episcoporum,
688 479 865 554 abbatum,
892 488 927 540 et
956 495 1138 558 procerum
1171 479 1269 559 regni

151 546 287 584 mmm
318 576 511 643 Lundoniae
532 581 568 642 in
587 578 719 660 palatio
735 578 828 657 regis
851 574 963 640 factus
979 582 1045 652 est,
1063 583 1099 638 et
1117 595 1180 657 per
1198 585 1268 639 tres

316 676 403 752 dies,
423 678 565 741 absente
580 675 747 740 Anselmo
763 676 1034 758 archiepiscopo,
1051 675 1269 753 interregem

317 781 354 837 ct
376 776 558 857 episcopos
576 774 662 838 satis
685 783 800 838 actum
818 775 861 838 de
884 773 1105 836 ecclesiarum
1127 772 1269 835 investi·

318 873 418 946 turis,
444 873 652 954 quibusdam
682 874 726 935 ad
754 872 818 935 hoo
849 872 1037 934 nitentibus
1062 878 1103 933 ut
1128 889 1183 933 res
1209 889 1269 934 eas
1364 944 1367 950 ³

317 968 449 1032 faceret
463 988 560 1032 more
578 970 688 1051 patris
706 978 741 1033 et
757 970 875 1033 fratris
890 971 957 1046 sni,
970 988 1039 1032 non
1057 967 1166 1049 juxta
1179 988 1270 1049 prae·

318 1073 459 1148 ceptum
474 1074 510 1130 et
525 1066 756 1130 obedientiam
770 1067 973 1148 apostolici;
996 1086 1076 1129 nam
1091 1085 1184 1148 papa
1200 1065 1271 1131 Pa·

318 1164 447 1228 scholis
471 1163 507 1227 in
527 1165 702 1227 sententia
724 1183 802 1246 quae
819 1166 899 1228 inde
917 1164 1139 1246 promulgata
1157 1164 1271 1229 fuerat

319 1262 441 1327 firmus
463 1272 575 1340 stunc,
598 1270 816 1328 concesserat
829 1263 945 1326 omnia
967 1281 1045 1343 quae
1055 1281 1147 1345 papa
1160 1263 1272 1326 Urba-

320 1381 386 1424 nus
397 1381 496 1445 aeque
511 1361 1047 1451 utinrestiturasinterdixerat:
1071 1379 1112 1424 ac
1127 1381 1189 1443 per
1205 1360 1275 1425 hoc

321 1480 439 1542 regem
455 1462 520 1523 sibi
537 1460 579 1524 de
600 1461 816 1524 investituris
839 1467 1109 1524 consentaneum
1130 1460 1270 1524 lecerat.

321 1558 470 1634 Dehinc,
493 1567 661 1640 praescnte
679 1557 856 1636 Anselmo,
879 1566 1015 1622 astante
1042 1558 1271 1634 multitudine,

322 1656 446 1719 annuit
472 1676 533 1719 rex
558 1665 593 1720 et
619 1658 754 1732 statuit,
779 1665 820 1720 ut
842 1659 886 1719 ab
912 1676 954 1719 eo
979 1665 1132 1736 tempore
1157 1658 1194 1718 in
1219 1675 1271 1718 re

317 1752 661 1833 1liquum,nunquam
678 1773 741 1835 per
756 1754 931 1816 dationem
950 1752 1064 1815 baculi
1085 1754 1272 1833 pastoralis

319 1849 377 1912 vel
400 1851 520 1913 annuli
540 1851 723 1932 quisquam
749 1851 792 1914 de
816 1852 1019 1932 episcopatu
1042 1858 1104 1913 eut
1129 1853 1272 1915 abbatia

321 1968 384 2030 per
422 1968 540 2029 regem
569 1949 627 2012 vel
663 1950 854 2030 quamlibet
891 1949 1016 2014 laicam
1054 1968 1195 2012 manum
1235 1951 1271 2013 in

274 2062 276 2065 ·
320 2045 453 2127 Anglia
463 2048 703 2127 investiretur3
722 2048 931 2112 concedente
943 2066 1080 2130 qnoque
1092 2045 1271 2123 Anselmo,

320 2152 360 2207 ut
388 2145 505 2207 nullus
532 2145 568 2207 in
600 2146 838 2227 praelationem
864 2146 995 2208 electus
1024 2164 1087 2226 pro
1119 2143 1272 2209 hominio

322 2242 416 2322 quod
438 2243 513 2323 regi
529 2242 671 2317 faceret,
686 2244 945 2306 consecratione
964 2242 1117 2324 suscepti
1131 2241 1271 2306 honoris

156 2355 308 2404 coruum·
322 2339 531 2420 privaretur.
593 2338 770 2404 Gerendus
789 2341 1020 2404 Eboracensis
1042 2340 1272 2422 archiepisco-

155 2408 180 2447 οἰ
189 2407 249 2446 Ycrk
255 2415 305 2454 pro·

153 2457 285 2555 ssissnffi
323 2457 390 2518 pus
410 2456 475 2501 sua
498 2457 604 2501 manu
624 2439 789 2520 imposita
818 2439 935 2502 manui
961 2437 1129 2516 Anselmi,
1143 2447 1183 2503 ut
1197 2439 1272 2520 ipsc

156 2556 302 2598 occurentem
324 2534 476 2611 volebat,
501 2537 708 2618 interposita
737 2537 803 2601 fide
834 2557 910 2614 sua,
938 2537 1112 2619 pollicitus
1142 2544 1207 2613 est,
1232 2557 1271 2601 se

152 2605 296 2706 ffife‘rissiy.
323 2634 466 2697 eandem
483 2634 733 2716 subjectionem
754 2643 790 2698 et
806 2635 1037 2699 obedientiam
1050 2635 1117 2716 ipsi
1140 2642 1177 2697 et
1191 2654 1270 2698 suc·

285 2728 288 2735 '
322 2732 517 2797 cessoribus
541 2732 618 2814 ejus
638 2733 675 2795 in
700 2733 1000 2815 archiepiscopatu
1023 2732 1270 2810 exhibiturum,

322 2848 427 2910 quam
446 2829 696 2893 Herefordensi
711 2831 865 2895 ecclesiae
880 2833 923 2894 ab
938 2850 980 2894 eo
996 2831 1186 2894 sacrandus
1201 2831 1270 2913 epi-

156 2943 307 3032 cffiqeffnnon
322 2945 449 3007 scopus
470 2929 522 2990 illi
544 2929 762 3010 promiserat.
815 2929 1012 2994 Willclmus
1027 2928 1290 3005 Wintoniensi,'

154 3004 167 3032 ⁰
199 3005 218 3033 ¹⁸
234 3006 279 3045 ⁰¹³*
322 3023 485 3105 Rogerus
517 3026 806 3108 Searesbyriensi,
840 3026 1067 3108 Reignelmns
1104 3026 1271 3090 Heresor·

321 3121 431 3200 densi,
453 3123 651 3187 Willclmus
679 3125 914 3200 Excestrensi,
937 3133 972 3188 et
997 3125 1161 3187 Urbanus
1185 3123 1270 3188 Gla-

319 3223 533 3308 morgatcnsi
553 3222 719 3299 ccclesiae,
739 3242 817 3305 quae
842 3224 879 3285 in
894 3222 1059 3286 Walonia
1084 3230 1149 3298 est,
1171 3223 1272 3286 electi

320 3319 486 3401 episcopi,
504 3320 607 3383 simul
634 3320 868 3384 Contwariam
895 3327 1075 3395 venerunt,
1099 3321 1191 3384 etin
1215 3322 1271 3383 die

319 3416 516 3491 Dominica‚
534 3437 613 3499 quae
636 3419 703 3481 fuit
719 3435 772 3481 111.
796 3419 874 3481 idus
900 3418 1054 3499 Augusti
1070 3418 1129 3498 [11
1148 3416 1271 3498 Aug.],

318 3514 451 3594 pariter
465 3517 509 3577 ab
533 3514 700 3578 Anselmo
718 3518 911 3579 consecrati
934 3524 1027 3589 sunt,
1044 3516 1271 3578 ministranti-

318 3612 383 3674 bus
405 3612 470 3674 sibi
494 3613 531 3675 in
554 3613 619 3676 hoc
643 3612 753 3676 officio
777 3614 1006 3694 suffraganeis
1028 3614 1138 3693 ipsius
1166 3614 1271 3688 sedis,

319 3707 490 3786 Gerard0,
509 3711 652 3787 scilicet,
669 3711 929 3793 archiepiscopo
946 3711 1169 3785 Eboracensi,
1183 3711 1271 3775 Rot-

316 3808 415 3870 berto
426 3809 649 3884 Lincoliensi‚
658 3809 818 3873 Johanne
829 3809 1065 3885 Bathoniensi‚
1075 3809 1272 3873 Hereberto

317 3904 353 3967 N
356 3906 588 3983 orthwicensi,
612 3908 785 3972 Rotberto
819 3905 1005 3984 Castrensi,
1029 3906 1184 3971 Radulfo
1213 3905 1270 3969 Ci-

315 4006 494 4083 cestrensi,
545 4006 757 4087 Rannulpho
806 4005 1070 4070 Dunholmensi.
1139 4002 1270 4066 Nullus
