3074 4508
614 339 786 386 rudnicz.

476 818 785 879 ILLUSI'RISSIMO
808 820 905 879 VIRO

261 946 325 1060 n.
361 995 774 1061 cunrnnnmo
816 997 1112 1074 cncrnlo,

437 1157 604 1218 BARONI
625 1159 685 1218 DE
708 1160 956 1231 BURGLEGH,

216 1304 315 1344 sunno
334 1303 451 1344 ANGLIAE
469 1304 686 1358 rnusnunultto,
709 1304 887 1345 Pannonius
901 1306 1019 1346 camum
1034 1307 1173 1347 Gaurana

280 1384 381 1431 noum
402 1383 525 1436 sunnio,
547 1383 643 1422 REGIAE
665 1384 823 1423 ntususrsrl
844 1385 863 1424 I
883 1386 1103 1427 §EOREI'IORIBUS

363 1463 512 1516 CONSILIIS,
534 1462 570 1503 AC
591 1463 850 1504 cunraumcmrism
869 1467 1028 1507 AOADEMIAE

429 1542 629 1583 educaturum
650 1543 827 1597 niorussmo,
848 1545 959 1586 nomino

539 1622 592 1661 SUO
615 1621 857 1661 Hortoafflssnm.

268 1773 353 1836 Cum
374 1792 497 1854 nuper,
516 1773 570 1834 vir
592 1771 872 1847 honoratissime,
890 1770 1048 1833 nonnulli
1068 1789 1171 1834 vene·

217 1871 335 1933 randae
370 1871 591 1951 antiquitatis
624 1870 865 1946 admiratores,
898 1868 981 1932 mihi
1012 1869 1171 1951 cupidius

214 1968 400 2044 instarent,
428 1976 467 2031 ut
482 1968 575 2031 hunc
600 1968 757 2030 libellum
785 1969 875 2049 apud
907 1988 961 2030 me
991 1968 1170 2043 latentem,

216 2086 284 2130 non
313 2073 385 2130 tam
416 2067 553 2148 quidem
577 2066 671 2149 stylo
698 2072 841 2142 tersum,
863 2084 904 2128 ac
926 2066 1083 2128 oratione
1110 2085 1170 2147 po·

216 2164 328 2241 litum,
352 2185 458 2247 quam
479 2167 625 2230 inventu
655 2184 772 2228 rarum
799 2172 835 2228 et
861 2164 953 2228 lectu
969 2163 1170 2248 jucundum

216 2263 391 2344 divulgari
418 2271 568 2346 pateret,
596 2265 700 2327 nimis
728 2263 952 2328 inhumanum
985 2264 1171 2327 videbatur

216 2370 289 2423 tam
305 2381 445 2448 aepuum
459 2362 702 2442 flagitantibus
717 2381 785 2425 non
801 2381 964 2437 annuere,
975 2363 1169 2442 praesertim

216 2478 295 2522 curn
327 2461 469 2541 publica
500 2461 690 2524 multorum
724 2460 870 2535 utilitas,
903 2460 1050 2542 privatae
1081 2479 1169 2523 meae

215 2558 324 2621 solius
346 2558 521 2642 voluptati
539 2559 664 2623 merito
686 2559 733 2622 sit
753 2559 977 2640 praeferenda.
1031 2557 1168 2622 Horum

215 2658 388 2738 precibus,
406 2677 495 2739 quas
518 2678 582 2740 pro
605 2658 776 2739 postulati
798 2657 963 2739 aequitate
986 2657 1171 2739 repudiare

215 2774 284 2817 non
302 2755 419 2831 debui,
442 2764 478 2820 et
502 2777 566 2839 pro
592 2756 856 2819 necessitudinis
876 2755 1015 2818 vinculo
1038 2756 1171 2819 diutius

215 2854 388 2918 sustinere
403 2873 472 2917 non
490 2855 603 2936 potui,
616 2854 693 2936 jam
710 2854 851 2917 tandem
869 2854 983 2917 victus
1001 2855 1169 2917 concessi.

215 2950 366 3033 Jamque
401 2954 499 3034 operi
529 2972 548 3016 e
581 2953 735 3015 tenebris
771 2953 807 3014 in
843 2951 954 3014 lucem
987 2951 1172 3033 prodituro-

214 3059 384 3130 patronus
417 3051 539 3114 deluit.
593 3049 694 3114 Unus
724 3049 929 3115 occurrebas
959 3067 1001 3111 eo
1029 3050 1170 3113 nomine·

214 3148 371 3230 inprimis
404 3148 540 3229 dignus.
615 3147 699 3211 Hoc
736 3148 844 3228 igitur
879 3147 1170 3228 qualitercunque

214 3246 443 3322 elaboratum,
469 3247 593 3309 umbra
619 3254 689 3308 tuae
720 3244 966 3327 amplitudinis,
999 3253 1165 3326 tanquam

214 3345 382 3425 praecipui
397 3344 577 3408 literarum
596 3344 812 3418 Maecenatis
825 3352 940 3423 tegere
956 3362 1062 3405 ausus
1077 3362 1166 3418 sum,

214 3451 287 3504 tum
312 3445 356 3506 ob
385 3444 631 3506 solidissimum
657 3449 756 3505 tuum
784 3442 818 3503 in
843 3440 962 3504 iisdem
981 3441 1165 3522 judicium,

214 3550 288 3602 turn
322 3548 465 3622 propter
500 3542 666 3604 exImium
699 3559 862 3615 amorem,
895 3558 963 3620 quo
992 3539 1026 3602 id
1055 3559 1165 3619 genus

212 3639 320 3701 studii
359 3640 512 3704 fautores
543 3641 710 3721 prosequi
740 3637 883 3720 'semper
915 3639 1080 3718 dignatus
1113 3657 1162 3701 es.

214 3735 290 3798 Nec
323 3737 446 3801 dubito
482 3738 566 3819 quin
597 3758 661 3819 pro
696 3746 757 3800 tua
793 3737 897 3800 solita
928 3743 963 3799 et
995 3735 1164 3814 singulari

212 3834 380 3909 bonitate,
416 3854 493 3915 quae
532 3836 617 3898 mihi
654 3855 831 3915 nunquam
863 3834 982 3908 defuit,
1018 3840 1164 3896 conatus

212 3933 314 3996 hosce
331 3953 426 3996 meos
441 3934 477 3994 in
496 3934 618 3996 alienis
636 3934 765 4013 vigiliis
785 3933 935 4006 edendis,
954 3951 1058 4011 quum
1079 3931 1163 3993 nihil

211 4031 354 4113 dignum
378 4033 500 4108 oculis,
524 4032 668 4113 dignum
693 4032 833 4094 auribus
858 4032 925 4094 tuis
949 4050 1023 4093 meo
1048 4031 1166 4092 Marto
