3074 4508
351 333 418 397 222
603 350 852 398 couniunnrro
876 350 1048 398 cnaomcr

189 503 505 616 fflflssfflssgliae’
530 508 623 570 circa
646 507 852 588 principium
881 506 978 580 Maii,
1004 506 1157 568 docturus
1182 504 1298 567 horna-

190 619 304 662 nonense.
353 625 446 685 grum
478 608 552 685 regi
584 607 741 669 Franciae
773 625 835 686 pro
865 604 1030 667 comitatu
1062 601 1212 676 Pontivi,
1237 604 1299 684 qui

354 723 431 766 eum
450 705 582 765 ratione
608 707 739 783 reginae
755 704 876 766 uxoris
900 701 1079 777 suae,1iliae
1103 707 1138 763 et
1153 701 1298 764 haeredis

353 800 481 879 reginae
505 801 715 880 supradictae
744 802 819 881 jam
852 801 1033 876 defunctae,
1065 800 1296 879 contingebat,

189 914 263 954 nura
353 897 603 960 transfretavit.
657 898 791 960 Habito
808 899 916 977 igitur
932 891 1113 961 Ambiani¹
1141 897 1297 961 Franciae

186 964 318 1012 qnirheshir
742 997 748 1009 .
815 997 820 1009 .
988 995 1031 1009 ..
1256 996 1263 1009 .

186 1015 282 1053 anime
351 995 580 1076 pedemonte,
606 997 957 1076 convenlentrbusque
985 995 1111 1058 rhidem
1141 995 1297 1059 Francrae

186 1064 316 1172 iiiffl‘ii-
350 1100 455 1173 atque
471 1092 612 1172 Anglioe
629 1096 780 1175 regibus,
804 1113 936 1156 necnon
952 1094 1101 1172 regionis
1118 1094 1296 1173 utriusque

187 1164 293 1203 “mm
349 1191 523 1272 plerisque
539 1194 772 1273 magnatibus
785 1211 848 1254 rex
860 1190 997 1272 Angliae
1006 1191 1120 1272 quiete
1134 1190 1296 1255 clamavit

350 1289 385 1352 N
387 1290 601 1353 ermanniam
612 1292 687 1370 regi
699 1291 856 1354 Franciae
869 1291 1127 1370 inperpetuum,
1139 1297 1296 1370 receptu·

348 1408 407 1450 rus
434 1396 550 1451 tamen
567 1393 746 1454 annuatim
768 1389 810 1451 de
827 1387 1001 1451 scaccario
1020 1387 1292 1467 Rothomagensi

350 1487 384 1549 in
408 1488 654 1568 sempiternum
680 1488 771 1549 ΧΤΧ.
790 1488 849 1550 lih.
871 1487 1101 1551 Parisiacens.
1148 1485 1294 1567 Recepit

349 1586 453 1647 etiam
469 1605 531 1666 pro
550 1587 668 1666 quieta
693 1585 881 1647 clamantia
896 1585 1094 1665 supradicta
1115 1583 1292 1664 Agenoys‚

351 1682 519 1757 Limozin,
545 1683 693 1762 Perigoz
718 1691 825 1762 atque
847 1682 1031 1761 Sentogne‚
1055 1691 1090 1744 et
1113 1681 1167 1743 his
1191 1681 1292 1744 factis

185 1799 302 1838 consona
348 1778 486 1858 Angliae
504 1799 664 1841 reversus
689 1786 753 1842 est.
799 1778 989 1854 Johannes‚
1015 1778 1291 1860 archiepiscopus

187 1849 293 1897 mm&
348 1875 526 1953 Cautum„
552 1877 753 1940 convocatis
781 1878 913 1940 cunctis
939 1877 1188 1960 jurisdictionis
1217 1896 1290 1940 suae

348 1976 533 2057 episcopis,
550 1976 606 2038 die
618 1976 653 2039 S.
666 1975 690 2038 J
693 1977 792 2040 acobi
808 1975 970 2059 Apostoli
986 1977 1046 2058 [25
1060 1977 1084 2040 J
1089 1977 1164 2056 ul.],
1179 1977 1292 2041 conci-

184 2093 273 2141 nam,
286 2096 334 2143 asp.
346 2073 430 2135 lium
445 2094 546 2136 suum
571 2076 664 2154 apud
688 2074 830 2154 Rading
856 2075 1052 2138 celebravit.
1103 2074 1291 2151 Walterus,

184 2143 334 2191 ‘'Hm'‘
347 2171 494 2234 Eborac.
514 2172 806 2253 archiepiscopus,
824 2172 914 2234 diem
936 2172 1060 2235 clausit
1074 2180 1288 2248 extremum

183 2291 333 2347 necarer,
346 2271 402 2330 cui
425 2271 593 2332 successit
615 2269 781 2348 magister
803 2268 1000 2332 Willelmus
1015 2269 1057 2330 de
1074 2268 1288 2346 Wikewane,

183 2339 314 2428 iiiiii&
345 2365 500 2446 ejusdem
514 2367 583 2429 loci
594 2366 831 2429 cancellarius.
877 2365 983 2447 Apud
1004 2364 1289 2444 Norhamtonam,

180 2437 324 2537 diffidi*
344 2463 399 2527 die
423 2464 544 2528 Crucis
569 2464 724 2527 adoratae
753 2466 813 2545 [14
838 2464 964 2546 Sept.],
995 2483 1081 2544 puer
1102 2465 1240 2545 quidam
1268 2482 1291 2528 a

181 2537 247 2576 'm'
344 2562 479 2626 Judaeis
508 2562 697 2625 crucifixus
726 2571 800 2636 est;
832 2564 909 2644 ipso
940 2569 1055 2626 tamen
1087 2582 1194 2644 puero
1218 2582 1288 2626 non

344 2667 428 2724 tunc
451 2663 590 2742 penitus
611 2661 804 2724 interfecto.
856 2660 966 2743 Cujus
986 2661 1121 2741 quidem
1138 2661 1187 2723 rei
1200 2679 1289 2741 prae·

345 2764 458 2833 textu,
490 2759 592 2822 multi
622 2758 665 2822 de
700 2758 836 2822 Judaeis
875 2760 993 2822 statim
1033 2765 1113 2840 post
1153 2759 1289 2822 Pascha

205 2935 207 2939 .
347 2855 385 2936 [2
408 2855 512 2937 Apa]
535 2857 733 2921 Londoniae
752 2850 849 2937 equis
879 2856 1035 2919 distracti
1065 2863 1101 2919 et
1129 2858 1288 2939 suspensi

180 2971 298 3061 amn
311 2962 436 3017 esunt.
491 2956 602 3018 Facta
632 2961 687 3017 est
719 2956 867 3018 mutatio
898 2962 1044 3018 monetae
1074 2955 1110 3016 in
1146 2953 1288 3036 Anglia,

344 3053 537 3133 quadrante
561 3053 698 3133 trigono
721 3053 756 3114 in
779 3052 962 3116 rotundum
986 3059 1201 3132 permutat03
1224 3072 1288 3117 nec

344 3157 460 3213 tamen
482 3151 603 3213 'adhuc
631 3150 778 3230 pristina
800 3150 1014 3213 rationabilis
1035 3159 1174 3213 moneta
1198 3150 1289 3214 inter

342 3267 468 3311 novam
499 3249 693 3312 discurrere
726 3248 941 3328 prohibetur,
972 3248 1062 3310 ultra
1093 3266 1176 3311 vcro
1206 3267 1287 3312 con·

342 3355 480 3409 suetum
502 3347 614 3410 obolis
639 3347 776 3427 penitus
797 3346 986 3427 suspensis,
1001 3346 1114 3408 sactus
1131 3353 1183 3408 est
1198 3365 1287 3409 unus

341 3443 503 3507 denarius
529 3463 677 3524 magnus
705 3443 930 3525 aequipollens
946 3459 996 3507 lv.
1023 3443 1171 3505 denariis
1194 3463 1287 3506 com-

179 3556 300 3614 sohnapn
342 3542 515 3603 munibus.
560 3541 583 3603 J
586 3541 749 3612 ohannes,
767 3540 993 3603 Dublinensis
1011 3540 1150 3614 electus
1168 3559 1288 3604 conse-

177 3606 322 3693 ἕξυῖἷέιιὲῗὲᾱ·
342 3647 458 3701 cratus
484 3645 536 3701 est
561 3639 596 3700 in
621 3638 916 3719 archiepiscopum
938 3638 1028 3718 apud
1044 3638 1222 3702 Waltham
1238 3656 1287 3703 v1.

342 3735 411 3798 kal.
428 3738 580 3817 Septem.
600 3737 660 3817 [27
675 3735 786 3816 Aug.]
805 3755 826 3798 a
841 3736 864 3798 J
868 3736 1015 3811 ohanne,
1031 3736 1287 3820 archiepiscopo

342 3834 522 3912 Cantuar„
541 3835 736 3898 astantibus
763 3835 828 3897 sibi
854 3833 1027 3898 Nicholao
1044 3835 1288 3911 Wintoniensi,

643 4055 651 4084 ¹
669 4057 809 4118 Ambiani]
827 4058 862 4105 At
874 4058 987 4106 Amiens.
