3074 4508
432 338 625 385 rnonnuru
652 337 933 388 wrconnmusrs
1095 325 1161 388 143

198 487 323 572 'regem
363 493 628 556 concitaverunt
670 492 879 556 clamoribus
922 495 995 556 suis
1041 504 1163 558 contra

208 589 495 654 Cantuariensem
534 591 844 672 archiepiscopum,
887 604 922 654 et
964 593 1074 673 magis
1120 613 1163 656 ac

209 691 322 769 magis
338 710 417 753 eum
433 691 599 753 adversus
621 690 770 753 illumin
787 692 872 753 iram
891 701 1162 755 commoverunt,

210 786 343 850 Iterum
375 789 481 868 igitur
510 788 656 863 damnis
687 789 811 851 iterum
848 790 1076 853 atrocioribus
1110 792 1163 852 in·

204 885 308 966 juriis
337 887 603 968 supermodum
635 896 671 948 ct
695 887 837 951 nimium
868 887 1001 951 athleta
1032 888 1162 951 Christi

210 984 355 1046 affectus
378 995 444 1060 est,
459 992 494 1047 et
509 986 622 1049 edicto
644 985 781 1066 publico
798 994 990 1067 praeceptus
1008 986 1164 1048 ecclesias

210 1102 283 1145 suae
313 1091 415 1163 septa
442 1103 510 1146 non
542 1085 649 1147 exire.
707 1082 875 1165 Quisquis
908 1085 939 1146 ei
972 1085 1028 1146 vel
1059 1084 1161 1146 alicui

210 1200 351 1243 suorum
373 1181 496 1244 faciem
520 1182 667 1246 hilarem
691 1182 941 1262 praetendebat,
964 1181 1073 1245 hostis
1101 1202 1163 1264 pu-

213 1280 323 1342 blicus
338 1282 552 1342 censebatur.
605 1280 673 1343 Sed
699 1281 773 1343 haec
795 1280 911 1344 omnia
930 1281 981 1342 vir
1006 1280 1070 1343 Dei
1085 1300 1163 1343 cum

211 1378 323 1440 multa
352 1379 520 1458 patientia
545 1378 743 1454 sufferebat,
768 1387 804 1442 et
833 1379 1047 1442 familiariter
1074 1379 1165 1442 inter

211 1495 293 1538 suos
320 1495 547 1552 commorans,
563 1479 825 1542 conversatione
845 1497 911 1541 sua
938 1496 1055 1540 omnes
1078 1478 1163 1541 aedi-

111 1575 116 1589 *
211 1574 351 1636 ficabat.

265 1673 346 1736 Hoc
362 1691 453 1734 anno
474 1691 537 1734 rex
562 1673 714 1753 Angliae,
731 1672 820 1734 filius
842 1672 1000 1735 Matildis
1015 1673 1162 1754 impera·
1183 1695 1248 1734 an.
1261 1696 1318 1733 1171.

214 1771 323 1846 tricis,
338 1772 451 1834 tenuit
474 1754 606 1835 curiam
634 1790 733 1834 suam
754 1771 790 1832 in
818 1769 1046 1846 Nornrannia,
1068 1772 1161 1853 apud
1174 1759 1302 1847 diffiditis.

215 1867 373 1944 Burum,l
405 1869 460 1931 die
497 1869 704 1932 Natiuitatis
738 1869 929 1933 Dominicae
963 1870 1023 1950 [25
1047 1859 1264 1950 Dec.],¹³‘⁰¹“²‘

214 1985 293 2046 quae
320 1966 406 2028 feria
423 1975 526 2029 sexta
552 1968 681 2041 evenit,
706 1966 853 2029 multum
879 1969 1104 2031 contristatus
1126 1977 1163 2031 et

214 2063 379 2127 confusus
401 2083 464 2145 pro
487 2083 529 2127 eu
550 2064 645 2145 quud
663 2063 921 2127 cantuariensis
936 2065 1164 2146 archiepisco-

214 2182 280 2242 pus
304 2163 483 2226 absolvere
505 2163 618 2226 noluit
639 2163 818 2243 episcopos
840 2162 990 2242 Angliae,
1005 2182 1092 2244 qnos
1113 2165 1164 2227 in·

216 2256 408 2325 nudaverat
425 2262 564 2324 vinculo
579 2262 953 2325 excommunicationis.
1007 2260 1164 2343 Cumque

214 2360 382 2438 praefatus
403 2379 466 2421 rex
494 2361 546 2422 ita
565 2367 757 2422 commotus
779 2367 874 2422 esset
895 2360 931 2422 in
950 2360 1049 2436 iram,
1078 2379 1164 2441 qua-

216 2464 296 2519 tuor
327 2457 454 2520 milites
482 2456 525 2520 de
553 2457 656 2521 domo
684 2465 721 2521 et
745 2457 877 2520 familia
906 2458 994 2539 ejus,
1021 2465 1163 2539 propter

216 2554 323 2617 animi
348 2562 462 2618 motus
485 2574 572 2635 quos
598 2556 633 2618 in
655 2575 697 2619 eo
716 2555 885 2630 viderant,
907 2556 1062 2619 volentes
1083 2576 1163 2619 eum

217 2654 404 2728 vindicare,
423 2654 581 2729 latentes,
598 2654 772 2718 nesciente
794 2654 870 2734 ipso
888 2672 982 2732 rege,
1000 2655 1045 2717 ad
1067 2675 1165 2718 mare

216 2749 469 2815 festinaverunt
489 2752 534 2814 ad
560 2752 852 2815 transfretandum
866 2751 899 2814 in
917 2751 1102 2832 Angliam;
1127 2760 1163 2816 et

215 2867 295 2910 cum
332 2849 628 2926 transfretassent,
647 2850 714 2913 iter
741 2869 844 2912 suum
867 2851 1088 2930 arripuerunt
1111 2851 1171 2934 se·¹

216 2947 349 3009 stinato
374 2967 478 3010 cursu
502 2967 622 3011 versus
649 2947 885 3011 cantuariam.
936 2947 1004 3010 Sed
1021 2950 1082 3010 vix
1102 2967 1165 3028 per

217 3063 369 3108 mensem
395 3053 495 3127 pater
517 3047 554 3108 in
575 3047 721 3110 ecclesia
741 3065 806 3109 sua
822 3064 954 3108 moram
972 3046 1111 3121 fecerat,
1128 3055 1166 3110 et

218 3161 298 3206 ecce
323 3145 446 3223 quinta
475 3143 615 3207 Natalis
653 3145 707 3207 die
739 3152 909 3207 venerunt
940 3142 1165 3207 Cantuariam

217 3242 375 3322 praedicti
391 3250 541 3323 quatuor
555 3242 692 3318 milites,
705 3243 810 3305 immo
825 3241 988 3304 Sathanae
1005 3242 1166 3305 conducti

218 3340 399 3416 satellites
418 3359 564 3421 quorum
589 3342 731 3403 nomina·
756 3340 828 3403 lraec
856 3347 951 3414 sunt,
968 3338 1165 3402 Willelmus

218 3439 261 3500 de
288 3439 406 3514 Traci‚
437 3439 544 3518 Hugo
567 3438 610 3500 de
637 3438 834 3511 Morevilla‚
858 3437 1032 3500 Ricardus
1055 3438 1164 3511 Brito,

220 3535 440 3614 Reginaldus
457 3536 548 3598 filius
574 3536 677 3615 Ursi;
702 3544 736 3599 et
759 3537 793 3598 in
815 3536 931 3598 furore
955 3555 1018 3598 suo
1041 3535 1165 3597 armati

218 3634 407 3709 venienteS,
423 3635 630 3697 invenerunt
647 3635 849 3714 praedictum
869 3632 1163 3713 archiepiscopum
1201 3650 1205 3658 ·

217 3732 253 3792 in
287 3732 429 3812 templo,
457 3740 492 3795 et
519 3733 555 3794 in
587 3733 664 3813 ipso
691 3733 809 3813 templi
844 3733 1002 3811 ingressu
1031 3731 1165 3809 magnis

217 3830 426 3892 clamoribus
452 3826 628 3905 dixerunt,
660 3830 764 3906 ‘Ubi,
792 3831 849 3892 ubi
879 3837 932 3891 est
968 3827 1164 3909 proditorl’

575 4052 581 4081 ¹
600 4052 719 4113 Buram]
739 4052 815 4099 Bure.
