3074 4508
337 328 401 392 220
591 346 839 395 courruuarro
864 346 1040 395 cnaorucr

340 501 527 566 Clementis
544 502 603 588 [23
616 504 697 567 Nor
711 503 725 589 ]
745 502 926 566 tendentes
943 522 1066 566 versus
1078 499 1289 573 Norwicum,

339 602 382 663 ad
407 602 658 665 dedicationem
691 602 858 677 ecclesiae,
890 601 1018 663 iactam
1048 617 1098 663 iv.
1127 598 1195 663 kal.
1220 596 1291 659 Dc·

340 701 446 761 ccmb.
465 697 525 781 [28
541 699 662 782 Nov.],
682 701 854 763 existente
871 699 997 762 ibidem
1018 705 1100 761 tunc
1118 716 1194 760 cum
1211 713 1291 775 rege

176 797 494 863 noan.rpormaxima
531 805 732 875 magnatum
766 796 908 877 Angliae
941 796 1173 860 multitudine.
1218 791 1291 855 Ro·

176 842 323 909 Cnlme'lntba

176 963 289 1010 aalma

176 974 232 1051 ottipi
234 1015 299 1051 rtrum

188 892 328 1001 tertiatur?
318 891 471 966 ',bcrtus
486 891 1044 976 CarleolensiscpiscopuS,obiit;
1059 890 1293 956 cuisuccessit

290 973 563 1070 ¹⁰e‘Radulplrus,
577 991 671 1072 prior
683 992 725 1053 de
736 990 925 1054 Giseburn.
961 991 1072 1054 Facta
1085 997 1140 1053 est
1153 989 1291 1052 itinera·

339 1088 388 1150 tio
410 1087 686 1169 judiciariorum,
707 1088 837 1151 domini
861 1089 1036 1152 lobannis
1058 1088 1101 1152 de
1119 1086 1292 1151 Wallibus

339 1191 374 1247 et
391 1186 561 1247 sociorum
576 1187 641 1248 sibi
657 1188 913 1267 assignatorum
930 1187 1024 1268 apud
1038 1184 1265 1258 Carleolam‚
1254 1204 1290 1246 m

339 1284 505 1346 comitatu
520 1282 765 1361 cumberland,
784 1292 819 1346 et
830 1286 959 1347 domini
976 1284 1110 1364 Rogeri
1129 1282 1290 1363 Loveday

339 1400 417 1443 cum
454 1382 520 1444 sibi
558 1382 745 1463 assignatis
782 1383 818 1445 in
859 1383 1027 1445 comitatu
1064 1380 1290 1445 Herefordiae.

177 1552 181 1560 ¹
210 1512 288 1560 ρρρρ
340 1479 469 1542 Omnes
493 1479 516 1542 J
521 1480 609 1543 udoei
630 1480 783 1562 Angliae,
810 1481 1051 1562 cujuscunque
1073 1479 1290 1555 conditionis,

175 1561 204 1589 ¹¹¹¹
222 1562 277 1589 ‘¹⁸⁰¹‘
311 1563 316 1595 ³
338 1579 463 1652 atatis,
476 1586 538 1640 aut
552 1598 670 1653 sexus,
684 1581 718 1640 in
735 1580 870 1642 octavis
888 1578 925 1642 S.
940 1580 1086 1641 Martini
1100 1577 1158 1659 [18
1168 1576 1289 1657 Nov.],

337 1676 452 1736 subito
472 1675 565 1754 capti
584 1685 679 1749 sunt,
702 1686 737 1738 et
759 1695 822 1755 per
837 1676 976 1738 diversa
992 1674 1132 1755 Angliae
1149 1675 1291 1738 castella

338 1771 446 1833 salvae
472 1779 553 1833 sunt
581 1771 739 1852 deputati
770 1773 948 1835 custodiae.
1003 1771 1139 1850 Quibus
1164 1773 1213 1834 sic
1238 1791 1292 1834 re-

339 1870 457 1944 tentis,
484 1888 601 1931 eorum
626 1870 761 1932 interim
787 1870 972 1951 diligenter
991 1871 1157 1933 scrutatis
1182 1869 1290 1933 domi·

340 1967 497 2030 ciliorum
533 1968 780 2048 penetralibus
817 1969 961 2032 inventa
991 1976 1075 2031 sunt
1101 1968 1193 2050 apud
1220 1968 1293 2050 plo·

341 2084 467 2146 rosque
493 2067 700 2129 retonsionis
726 2073 876 2129 moneta*
903 2066 1006 2146 signa
1034 2074 1140 2147 atque
1165 2067 1293 2129 instru-

340 2171 470 2238 menta,
498 2163 592 2225 facta
622 2164 733 2244 ipsius
761 2164 1033 2226 evidentissima.
1081 2162 1185 2244 Capti
1209 2171 1292 2227 sunt

293 2247 310 2275 ²
341 2260 446 2322 etiam
469 2261 585 2323 subito
608 2280 670 2340 per
698 2267 809 2323 totam
832 2259 1000 2341 Angliam
1023 2279 1142 2323 omnes
1167 2260 1295 2323 aurifa-

257 2354 260 2359 ’
341 2358 393 2419 bri
430 2364 579 2419 monetae
613 2358 760 2420 ministri
802 2359 839 2420 in
880 2359 1034 2421 crastino
1068 2357 1106 2420 S.
1133 2357 1293 2421 Nicholai

342 2456 380 2536 [7
397 2455 515 2534 Dec.],
536 2462 640 2535 atque
664 2456 728 2518 sub
750 2455 852 2518 salva
869 2456 976 2538 positi
998 2455 1168 2531 custodia,
1189 2463 1294 2537 atque

224 2600 227 2605 »
341 2572 460 2616 eorum
487 2552 662 2615 domicilia
685 2553 871 2634 diligenter
896 2560 1127 2634 perscrutata.
1181 2553 1295 2617 Juxta

186 3746 213 3784 A.
220 3746 247 3786 D.
260 3744 317 3783 lata.

341 2651 544 2712 mandatum
567 2651 676 2731 igitur
696 2652 845 2731 regium,
864 2670 934 2732 quo
956 2650 1043 2713 nulli
1061 2658 1227 2731 quantum
1250 2650 1295 2713 ad

341 2748 406 2810 hoc
432 2747 587 2828 pepercit
613 2748 779 2824 libertati,
797 2748 893 2811 ducti
921 2755 1005 2811 sunt
1027 2747 1242 2811 Londoniam
1259 2767 1296 2812 v.

341 2845 506 2908 aurifabri
532 2853 637 2925 atque
662 2852 733 2908 tres
763 2845 824 2909 alii
850 2845 893 2909 de
922 2846 1008 2910 villa
1033 2845 1069 2907 S.
1091 2845 1295 2922 Eadmundi,

340 2963 402 3022 per
429 2960 568 3005 manum
601 2951 716 3006 tamen
746 2944 867 3006 ballivi
898 2944 992 3006 villae
1024 2944 1233 3024 supradictae
1258 2944 1294 3006 in

340 3040 444 3103 dictae
456 3041 640 3116 libertatiS,
654 3048 695 3103 ut
710 3042 885 3123 plerisque
904 3042 1098 3116 videbatur,
1109 3042 1292 3105 laesionem.

342 3136 444 3213 Quod
467 3158 546 3201 cum
569 3139 708 3201 domino
732 3140 807 3219 regi
827 3140 1050 3214 innotuisset,
1075 3159 1192 3202 omnes
1208 3158 1295 3220 prae·

341 3235 452 3297 dictos
465 3236 572 3318 jussit
594 3237 735 3310 remitti,
749 3236 919 3319 judicium
940 3238 1079 3312 ibidem,
1096 3244 1200 3316 prout
1221 3256 1294 3299 me·

341 3342 493 3409 ruerunt,
524 3335 599 3396 sive
624 3335 752 3395 bonum
779 3334 853 3396 sive
879 3334 1022 3411 malum,
1046 3335 1172 3396 ibidem
1201 3334 1294 3397 subi·

340 3439 449 3492 turos.
502 3431 641 3494 Tartari
667 3451 812 3511 regnum
840 3439 1014 3512 occupant
1040 3431 1293 3513 Hierosolymi-

341 3535 471 3590 tanum.
527 3529 605 3591 Rex
616 3527 724 3608 jussit
735 3536 774 3590 ut
785 3548 905 3591 omnes
917 3530 1084 3592 babentes
1101 3545 1167 3593 xx.
1177 3529 1292 3591 librat.

342 3634 440 3688 terrae
456 3626 663 3688 militaribus
682 3627 955 3706 accingerentur.

392 3718 563 3785 Dominus
581 3742 643 3785 rex
662 3725 753 3804 cepit
771 3725 969 3805 scutagium
987 3743 1050 3804 pro
1074 3723 1293 3804 expeditione

179 3822 263 3949 ’,ἵξῃ
264 3821 301 3898 ,⁸⁰
341 3820 494 3896 Walliae,
509 3821 632 3902 positis
648 3837 710 3883 xu.
723 3823 786 3884 sol.
802 3842 906 3903 super
923 3831 1071 3884 scutum.
1122 3821 1295 3895 Alienora,

287 3918 461 3998 ¹¹·regina
493 3919 643 4000 Angliao,
681 3920 802 4001 vigilia
836 3921 870 3983 S.
902 3919 1066 4000 Gregorii
1092 3916 1150 4002 [ll
1176 3916 1298 4002 Mar.],

341 4017 432 4096 apud
451 4017 712 4080 Windlcshores
737 4018 842 4079 filiam
862 4019 1010 4099 peperit,
1030 4036 1134 4097 quam
1159 4015 1297 4078 vocavit
