3074 4508
432 327 624 376 rconunrn
653 327 931 376 wrconmunsrs.
1112 313 1158 374 45

205 484 328 564 lingua
369 482 564 565 Anglorum
601 484 719 549 Ytene
761 493 989 566 nuncupatur,
1027 493 1158 547 venatu

207 593 300 647 esset
322 595 526 666 occupatus,
545 603 566 646 a
582 585 731 664 quodam
753 584 897 659 Franco,
914 584 1082 655 Waltero,
1099 603 1158 646 co·

207 692 396 762 gnomento
418 681 575 757 Tirello,¹
605 684 737 763 sagitta
760 685 898 747 incaute
923 684 1053 747 directa
1078 701 1158 763 per·

208 801 342 858 cussus,
368 784 475 845 vitam
499 783 623 857 finivit,
651 791 686 846 et
707 783 918 847 Wintoniam
947 782 1093 856 delatus,
1121 783 1158 844 in

210 879 332 944 Veteri
349 882 578 957 Monasterio,
593 882 629 943 in
647 882 792 945 ecclesia
819 881 853 944 S.
869 881 964 944 Petri
979 889 1032 944 est
1047 889 1159 943 tumu-

207 978 312 1042 latus
366 980 442 1043 Nec
470 980 606 1054 mirum,
636 988 673 1043 ut
703 979 822 1062 populi
852 1000 968 1043 rumor
999 978 1158 1055 affirmat,
1172 1009 1296 1050 camna.

209 1078 299 1141 hanc
322 1079 551 1161 proculdubio
572 1098 735 1159 magnam
757 1081 824 1143 Dei
842 1081 1002 1143 virtutem
1027 1098 1102 1142 esse
1124 1087 1160 1142 et
1171 1059 1305 1160 mppr

208 1178 406 1240 vindictam.
461 1177 725 1259 Antiquisenim
743 1180 962 1260 temporibus,
975 1178 1160 1241 Eadwardi

208 1277 341 1340 scilicet
365 1277 469 1358 regis,
489 1285 524 1340 et
550 1278 694 1340 aliorum
720 1278 859 1359 Angliae
883 1296 1002 1357 regum
1030 1276 1161 1357 praede·

208 1394 382 1439 cessornm
402 1377 490 1458 ejus,
504 1377 623 1439 endem
640 1378 735 1456 regio
750 1376 870 1439 incolis
890 1375 953 1438 Dei
969 1375 1161 1440 cultoribus

210 1482 245 1537 et
273 1475 427 1538 ecclesiis
455 1476 589 1538 nitebat
616 1477 806 1552 uberrime3
840 1475 913 1550 sed,
940 1475 1043 1559 jussu
1067 1477 1161 1556 regis

211 1573 378 1637 Willelmi
408 1574 565 1649 senioris,
605 1574 799 1636 hominibus
829 1575 971 1654 fugatis,
1002 1575 1162 1637 domibus

209 1673 397 1748 semirutis
415 1672 569 1735 ecclesiis
588 1673 784 1749 destructiS,
801 1682 892 1735 terra
913 1674 1060 1734 ferarum
1085 1682 1162 1735 tan·

210 1778 284 1833 turn
310 1773 488 1836 colebatur
514 1773 740 1847 habitatione,
758 1781 794 1835 et
815 1771 906 1846 inde,
930 1780 971 1834 ut
997 1772 1162 1847 creditur,

209 1888 318 1932 causa
348 1880 423 1934 erat
453 1871 643 1935 infortunii.
690 1871 783 1934 Nam
817 1878 852 1934 et
881 1878 981 1933 antea
1006 1870 1161 1953 ejusdem

211 1968 380 2030 Willelmi
402 1968 554 2051 junioris
571 1987 768 2049 germanus,
786 1969 970 2045 Ricardus,
989 1970 1024 2030 in
1041 1969 1163 2032 eadem

211 2066 342 2130 foresta
358 2067 469 2130 multo
496 2075 576 2130 ante
603 2069 765 2148 perierat,
788 2076 822 2129 et
848 2067 952 2148 paulo
975 2075 1056 2130 ante
1079 2087 1163 2130 suus

210 2165 398 2239 fratruelis
416 2166 602 2241 Ricardus,
626 2167 761 2231 comitis
784 2166 917 2229 scilicet
941 2164 1164 2229 Normanno-

210 2283 287 2326 rum
304 2265 466 2329 Rotberti
482 2266 585 2341 filius,
601 2266 682 2328 dum
699 2274 733 2329 et
748 2265 870 2346 ipsein
887 2273 1013 2328 venatu
1030 2265 1165 2341 fuisset,

212 2381 235 2424 a
249 2382 314 2426 suo
341 2363 450 2426 milite
475 2365 606 2443 sagitta
623 2383 808 2445 percussus
829 2364 969 2426 interiit.
1022 2363 1065 2426 In
1087 2362 1165 2426 loco

212 2480 282 2542 quo
312 2479 376 2522 rex
406 2462 581 2537 occubuit,
611 2462 734 2543 priscis
773 2461 983 2542 temporibus
1017 2461 1166 2525 ecclesia

212 2559 326 2623 suerat
342 2568 556 2636 constructa,
571 2562 632 2624 sed
651 2561 760 2642 patris
776 2561 830 2623 sui
845 2568 1010 2642 tempore,
1024 2568 1064 2623 ut
1077 2580 1167 2641 prae-

212 2659 379 2734 diximus,
404 2667 479 2722 erat
508 2660 634 2722 diruta.
686 2659 852 2742 Ejusdem
881 2660 973 2739 regis
997 2666 1285 2740 temporaromnu.

212 2766 253 2819 ut
275 2776 320 2819 ex
343 2764 442 2838 parte
467 2759 720 2838 praetitulatum
747 2765 813 2834 est,
837 2759 873 2820 in
900 2758 985 2832 sole,
1009 2757 1105 2834 luna,
1129 2765 1166 2821 et

212 2855 323 2918 stellis
341 2855 608 2919 multa'fiebant
634 2857 755 2936 signa3
779 2875 874 2919 mare
901 2875 1039 2937 quoque
1064 2856 1165 2919 littus

212 2972 368 3033 persaepe
401 2954 654 3034 egrediebatur,
685 2960 719 3016 et
751 2954 904 3017 homines
936 2963 970 3018 et
1000 2954 1165 3017 animalia

212 3053 422 3126 summersit,
433 3053 536 3115 villas
553 3061 588 3116 et
603 3053 723 3116 domos
735 3053 956 3134 quamplures
971 3053 1163 3130 subvertit3

212 3151 248 3211 in
273 3169 365 3231 pago
392 3151 451 3232 qui
474 3151 697 3214 Barrucscire
720 3153 926 3226 nominatur,
943 3160 1021 3214 ante
1040 3152 1163 3214 occisi·

213 3268 312 3312 onem
340 3249 445 3324 illius,
470 3251 614 3330 sanguis
640 3249 682 3311 de
712 3249 804 3312 fonte
829 3250 939 3312 tribus
962 3250 1164 3330 septimanis

248 3432 256 3462 ¹
276 3430 388 3502 Thella]
417 3435 488 3482 Most
510 3436 610 3482 writers
637 3448 677 3481 as·
702 3438 759 3493 part
780 3434 809 3480 os
833 3432 876 3480 the
904 3432 980 3480 forest
1002 3432 1095 3493 during
1121 3433 1164 3480 the

119 3523 121 3527 ’
212 3506 281 3553 oribe
292 3506 334 3553 the
347 3505 424 3552 death
436 3504 465 3552 os
473 3504 586 3551 William
596 3503 677 3550 Rufus
702 3503 783 3550 whole
801 3501 859 3562 day,
880 3516 925 3549 nor
942 3515 1002 3548 seen
1020 3501 1063 3550 the
1085 3501 1165 3562 king:

212 3578 238 3621 to
250 3575 347 3622 Walter
362 3573 442 3633 Tirel,
457 3573 599 3633 acquitting
617 3571 678 3631 him,
701 3571 787 3631 ‘quod
798 3585 829 3618 ea
843 3570 886 3618 die
900 3583 947 3618 nec
958 3570 984 3617 in
995 3583 1051 3617 eam
1067 3577 1165 3630 partem

213 3643 339 3701 however,
350 3644 378 3691 oi
387 3643 589 3703 premeditatiou.
627 3641 679 3689 But
703 3642 793 3700 sylvae,
805 3641 831 3686 iu
844 3654 896 3700 qua
906 3653 952 3687 rex
962 3641 1111 3700 verebatur,
1121 3655 1167 3688 re·

215 3710 680 3772 Suger‚abbotoiSt.Deuis‚declares
703 3711 777 3770 uerit,
788 3722 835 3757 uec
852 3724 909 3757 eum
928 3710 954 3755 in
971 3708 1044 3767 sylva
1056 3708 1168 3756 viderit!

213 3781 268 3828 that
284 3780 316 3828 he
331 3780 410 3828 heard
421 3780 490 3827 Tirel
506 3780 585 3827 affirm
599 3781 625 3826 in
636 3779 679 3827 the
703 3779 770 3827 Tirel
790 3792 845 3826 was
864 3778 919 3825 lord
939 3778 967 3824 of
987 3777 1054 3824 Poix
1074 3777 1100 3823 in
1122 3777 1168 3823 Pi·

214 3854 280 3897 most
297 3851 393 3897 solemn
412 3863 523 3907 manner,
543 3849 593 3895 and
616 3854 642 3895 at
665 3862 681 3895 a
704 3847 875 3907 cardy.-See
893 3848 982 3907 suger,
993 3846 1054 3892 Vita
1067 3845 1168 3893 Ludov.

212 3920 273 3967 time
285 3919 360 3966 when
373 3918 405 3966 he
419 3917 470 3964 had
484 3916 589 3977 nothing
600 3916 681 3963 either
706 3916 781 3965 Grcs.
799 3931 825 3976 p.
843 3919 900 3975 28³,
919 3914 1026 3964 Orderic
1042 3913 1122 3962 Vital.
1142 3929 1168 3964 x.

212 3993 238 4035 to
256 3989 312 4036 sear
321 4003 350 4036 or
360 3987 426 4047 hope
443 3985 506 4033 from
519 3985 560 4033 the
573 3986 681 4045 avorval,
705 4001 730 4046 p.
743 3989 800 4034 ⁷82.

212 4057 268 4105 that
286 4057 318 4106 he
337 4057 387 4105 had
408 4061 452 4104 not
470 4055 566 4103 hunted
585 4055 611 4102 iu
627 4055 682 4102 that
