3074 4508
373 329 438 392 118
625 344 875 392 concinunmo
899 343 1099 392 cneorum

374 509 490 565 terant
516 503 712 584 capiuntur,
733 499 885 564 universi
910 499 1004 580 capti
1026 498 1172 561 vinculis
1197 503 1232 560 et
1253 504 1324 562 tor·

373 602 500 665 mentis
515 602 756 683 mancipantur
779 599 970 674 horrendis,
987 615 1167 680 poenarum
1182 595 1324 660 diversi·

373 707 465 763 tates
498 700 572 762 sive
601 699 807 762 acerbitates
837 698 1080 780 exquiruntur,
1110 695 1324 776 militumque

373 805 526 860 catervae
559 798 603 861 ad
634 798 699 860 hoc
731 815 819 877 opus
856 796 1058 878 perditionis
1087 793 1323 876 exequendum

373 895 603 976 undecunque
627 895 879 969 conducuntur,
902 896 1027 976 quibus
1053 894 1090 957 in
1120 891 1324 975 stipendium

373 992 501 1054 dantur
514 1000 550 1054 et
567 992 764 1055 venduntur
779 993 934 1054 vicorum
952 1002 988 1056 et
1003 993 1163 1056 villarum
1178 991 1325 1055 cultores

373 1099 481 1171 atque
515 1089 727 1152 habitatores
756 1107 834 1150 cum
862 1090 965 1152 rebus
991 1091 1064 1153 suis
1092 1089 1260 1152 universis
1283 1105 1324 1150 ac

372 1189 590 1252 substantiis.
637 1186 802 1250 Consedit
817 1188 937 1268 itaque
954 1189 1000 1250 ibi
1017 1188 1156 1251 domina
1169 1187 1230 1250 illa
1244 1186 1322 1268 plus

372 1287 508 1350 duobus
535 1288 722 1363 mensibus,
751 1305 889 1349 sumens
916 1287 960 1348 ab
986 1285 1143 1349 omuibus
1164 1284 1324 1360 hominia,

373 1394 408 1449 et
433 1407 496 1468 pro
513 1386 611 1449 libito
628 1405 691 1448 suo
710 1385 897 1467 disponens
912 1384 1106 1466 Anglorum
1123 1384 1219 1463 regni
1230 1383 1323 1465 jura.

208 1504 316 1543 blrtbildr
374 1483 462 1548 Inde
474 1485 653 1548 discedens
663 1504 780 1547 mense
792 1477 1054 1560 Octob.,xvl11.¹
1067 1483 1135 1546 kal.
1149 1483 1183 1546 N
1185 1483 1318 1546 ovemb.

207 1558 342 1642 {tillim
374 1583 435 1662 [15
453 1583 561 1668 Oct.],
581 1583 860 1646 Glocestreusern
880 1584 976 1646 venit
991 1583 1034 1646 ad
1049 1584 1179 1658 urbem,
1195 1581 1320 1644 civium

374 1687 410 1741 et
433 1680 754 1762 circumjacentium
784 1680 863 1741 hine
889 1681 968 1742 inde
992 1681 1111 1743 finium
1137 1679 1322 1759 expediens

373 1776 562 1839 dominium
578 1785 613 1840 et
628 1795 766 1838 sumens
782 1775 984 1839 hominium.
1022 1777 1117 1844 ,Hoc
1129 1794 1210 1839 vero
1221 1794 1324 1856 agere

372 1871 582 1948 nolentibus,
608 1874 669 1937 sed
695 1873 770 1955 regi
796 1874 913 1955 potius
944 1874 1143 1938 fidelitatem
1174 1873 1326 1938 custodi·

372 1972 525 2048 entibus,
549 1973 704 2037 Deciana
719 1973 794 2035 sive
810 1971 1012 2036 Neroniana
1037 1973 1230 2037 inferuntur
1252 1979 1325 2036 tor·

356 2073 492 2133 'menta
506 2090 584 2134 cum
603 2071 748 2135 diversis
767 2072 964 2136 mortibus:
988 2072 1095 2152 fitque
1116 2074 1210 2146 urbs,
1232 2078 1324 2133 retro

372 2170 546 2231 anteactis
560 2169 687 2231 seculis
703 2167 867 2246 gloriosa,
878 2168 1070 2231 ululatibus
1081 2169 1231 2249 dirisque
1248 2187 1326 2230 cru·

373 2265 523 2327 oiatibus
554 2265 670 2346 plena,
697 2264 839 2345 suisque
864 2265 1117 2329 habitatoribus
1144 2265 1325 2330 horrenda.

207 2385 304 2434 seona
373 2361 444 2425 His
467 2363 519 2425 ita
547 2381 586 2426 se
614 2362 857 2425 miserabiliter
884 2362 1117 2440 habentibus}
1145 2363 1326 2445 Walinga·
1428 2374 1431 2380 “

206 2435 348 2532 iiiiiffina
372 2460 534 2524 fordense
562 2459 744 2524 castellum
775 2461 842 2523 sibi
873 2461 1060 2525 adversum
1089 2481 1151 2525 rex
1181 2462 1325 2526 obsedit.

207 2533 361 2632 iiiyifflm*
375 2557 583 2622 Obsidionis.
596 2558 740 2621 diutinae
760 2567 939 2640 pertaesus,
965 2559 1191 2624 anticastellis
1209 2568 1328 2623 extru-

373 2657 440 2720 ctis
483 2657 563 2720 inde
606 2656 794 2738 profectus,
835 2664 1104 2721 castrametatus
1142 2667 1196 2721 est
1233 2657 1325 2739 apud

374 2753 672 2836 Malmesbyriam,
690 2755 749 2817 ubi
770 2754 806 2816 in
830 2754 1059 2832 adversarios,
1075 2756 1110 2819 id
1127 2763 1191 2832 est,
1206 2757 1242 2819 in
1259 2755 1327 2818 dis-

207 2867 300 2907 sateot
373 2852 501 2916 cordiae
519 2853 695 2935 operarios
711 2852 833 2915 eadem
844 2860 1008 2933 operatus
1024 2860 1088 2917 est.
1140 2852 1238 2917 Inter
1252 2853 1327 2918 haee

205 2917 341 3006 iliorddier(
373 2950 489 3014 flebile
510 2952 669 3014 nuntium
687 2951 836 3032 percutit
858 2969 960 3013 aures
978 2951 1104 3014 civium
1122 2951 1328 3032 Wigornen-

372 3048 475 3111 sium.
529 3049 661 3112 Crebra
683 3049 780 3112 volat
802 3048 907 3124 fama,
922 3047 1128 3129 Wigornam
1151 3050 1325 3113 civitatem

290 3136 293 3143 ’
373 3146 417 3208 ab
433 3145 591 3209 hostibus
608 3146 644 3208 in
666 3146 825 3227 proximo
844 3146 1107 3222 devastandam,
1129 3149 1231 3211 rebus
1247 3167 1327 3229 spo-

290 3302 293 3308 .
373 3243 538 3320 liandam,
569 3245 650 3324 igue
688 3245 966 3308 comburendam.
1020 3244 1123 3308 Talia
1152 3245 1329 3309 audientes

373 3348 546 3405 terrentur
560 3342 653 3405 cives
671 3341 942 3422 Wigornenses3
969 3343 1051 3424 quid
1068 3343 1161 3406 facto
1176 3361 1263 3424 opus
1282 3344 1328 3406 sit

373 3440 569 3502 consulunt.
623 3439 702 3515 Quo
726 3438 844 3502 habito
866 3440 1022 3516 consilio,
1043 3440 1086 3502 ad
1114 3440 1182 3502 Dei
1205 3442 1328 3503 summi

374 3534 506 3611 Patris,
523 3544 558 3598 et
584 3536 627 3598 ad
656 3537 865 3600 beatissimae
894 3556 968 3600 suae
997 3538 1172 3617 genitricis
1192 3539 1327 3620 asylum

372 3633 522 3696 miseriae
556 3633 773 3713 confugiunt,
809 3643 844 3697 et
871 3637 937 3698 sub
967 3637 1161 3716 patrocinio
1194 3636 1329 3700 confes·

372 3749 491 3793 sorum
517 3731 628 3794 sancti
646 3731 800 3794 Oswaldi
821 3740 856 3795 et
881 3734 974 3795 beati
990 3733 1155 3810 Wlstani,
1178 3735 1329 3798 civitatis

371 3829 526 3909 ejusdem
543 3829 743 3910 praesulum,
760 3849 797 3892 se
814 3837 848 3893 et
860 3849 925 3892 sua
941 3832 1067 3894 divinae
1079 3832 1217 3895 tuitioni
1234 3851 1328 3896 com·

410 3985 416 4014 ¹
435 3987 526 4049 xviia]
545 3989 641 4037 Sbould
665 3989 789 4050 probably
805 3991 837 4038 be
900 3987 986 4037 'Jom
1005 4006 1058 4038 cero
1167 3989 1330 4054 natatione]

370 4067 433 4103 xvu.
863 4058 929 4106 Aua.
941 4059 1002 4108 edit.
1012 4060 1040 4108 G.
1053 4059 1120 4107 omit.
