<?xml version="1.0" encoding="UTF-8"?>
<!DOCTYPE html PUBLIC "-//W3C//DTD XHTML 1.0 Transitional//EN"
    "http://www.w3.org/TR/xhtml1/DTD/xhtml1-transitional.dtd">
<html xmlns="http://www.w3.org/1999/xhtml" xml:lang="en" lang="en">
 <head>
  <title>
</title>
<meta http-equiv="Content-Type" content="text/html;charset=utf-8" />
  <meta name='ocr-system' content='tesseract 3.04.00' />
  <meta name='ocr-capabilities' content='ocr_page ocr_carea ocr_par ocr_line ocrx_word'/>
</head>
<body>
  <div class='ocr_page' id='page_1' title='image "./florentiiwigorn01florgoog_0058.png"; bbox 0 0 3074 4508; ppageno 0'>
   <div class='ocr_carea' id='block_1_1' title="bbox 450 318 1177 384">
    <p class='ocr_par' dir='ltr' id='par_1_1' title="bbox 450 318 1177 384">
     <span class='ocr_line' id='line_1_1' title="bbox 450 318 1177 384; baseline 0 -2"><span class='ocrx_word' id='word_1_1' title='bbox 450 336 644 384; x_wconf 79' lang='lat' dir='ltr'>rnonnuru</span> <span class='ocrx_word' id='word_1_2' title='bbox 671 332 953 382; x_wconf 82' lang='lat' dir='ltr'>wrcoarunusrs</span> <span class='ocrx_word' id='word_1_3' title='bbox 1131 318 1177 382; x_wconf 82' lang='lat'>33</span> 
     </span>
    </p>
   </div>
   <div class='ocr_carea' id='block_1_2' title="bbox 217 491 1282 765">
    <p class='ocr_par' dir='ltr' id='par_1_2' title="bbox 217 491 1282 765">
     <span class='ocr_line' id='line_1_2' title="bbox 219 491 1175 571; baseline 0.002 -19"><span class='ocrx_word' id='word_1_4' title='bbox 219 497 292 552; x_wconf 85' lang='lat' dir='ltr'>turn</span> <span class='ocrx_word' id='word_1_5' title='bbox 305 491 456 566; x_wconf 87' lang='lat' dir='ltr'>tenebat,</span> <span class='ocrx_word' id='word_1_6' title='bbox 469 491 687 567; x_wconf 88' lang='lat' dir='ltr'>Anselmum,</span> <span class='ocrx_word' id='word_1_7' title='bbox 701 492 908 556; x_wconf 89' lang='lat' dir='ltr'>Beccensem</span> <span class='ocrx_word' id='word_1_8' title='bbox 921 491 1092 567; x_wconf 84' lang='lat' dir='ltr'>abbatem,</span> <span class='ocrx_word' id='word_1_9' title='bbox 1104 492 1175 571; x_wconf 89' lang='lat' dir='ltr'>pri·</span> 
     </span>
     <span class='ocr_line' id='line_1_3' title="bbox 217 588 1175 675; baseline 0.002 -25"><span class='ocrx_word' id='word_1_10' title='bbox 217 588 272 651; x_wconf 93' lang='lat' dir='ltr'>die</span> <span class='ocrx_word' id='word_1_11' title='bbox 287 609 367 653; x_wconf 89' lang='lat' dir='ltr'>non.</span> <span class='ocrx_word' id='word_1_12' title='bbox 386 590 589 654; x_wconf 85' lang='lat' dir='ltr'><strong>Decembris</strong></span> <span class='ocrx_word' id='word_1_13' title='bbox 607 588 644 675; x_wconf 83' lang='grc'>[4</span> <span class='ocrx_word' id='word_1_14' title='bbox 657 589 761 675; x_wconf 79' lang='lat' dir='ltr'>Dec]</span> <span class='ocrx_word' id='word_1_15' title='bbox 776 599 1066 654; x_wconf 89' lang='lat' dir='ltr'>consecraverunt</span> <span class='ocrx_word' id='word_1_16' title='bbox 1082 593 1175 653; x_wconf 89' lang='lat' dir='ltr'>anti-</span> 
     </span>
     <span class='ocr_line' id='line_1_4' title="bbox 218 688 1282 765; baseline 0.002 -16"><span class='ocrx_word' id='word_1_17' title='bbox 218 689 349 751; x_wconf 87' lang='lat' dir='ltr'>stitem.</span> <span class='ocrx_word' id='word_1_18' title='bbox 404 688 534 753; x_wconf 90' lang='lat' dir='ltr'>Eodem</span> <span class='ocrx_word' id='word_1_19' title='bbox 564 710 657 752; x_wconf 89' lang='lat' dir='ltr'>anno</span> <span class='ocrx_word' id='word_1_20' title='bbox 670 690 868 753; x_wconf 89' lang='lat' dir='ltr'>Willelmus</span> <span class='ocrx_word' id='word_1_21' title='bbox 886 709 1001 753; x_wconf 88' lang='lat' dir='ltr'>comes</span> <span class='ocrx_word' id='word_1_22' title='bbox 1016 690 1059 753; x_wconf 93' lang='lat' dir='ltr'>de</span> <span class='ocrx_word' id='word_1_23' title='bbox 1077 689 1173 765; x_wconf 89' lang='lat' dir='ltr'>Owe,</span> <span class='ocrx_word' id='word_1_24' title='bbox 1187 707 1282 748; x_wconf 73' lang='lat' dir='ltr'>unum</span> 
     </span>
    </p>
   </div>
   <div class='ocr_carea' id='block_1_3' title="bbox 217 761 1333 869">
    <p class='ocr_par' dir='ltr' id='par_1_3' title="bbox 217 761 1333 869">
     <span class='ocr_line' id='line_1_5' title="bbox 217 761 1333 869; baseline -0.001 -22"><span class='ocrx_word' id='word_1_25' title='bbox 217 789 294 848; x_wconf 86' lang='lat' dir='ltr'>anri</span> <span class='ocrx_word' id='word_1_26' title='bbox 320 788 452 866; x_wconf 81' lang='lat' dir='ltr'>ingenti</span> <span class='ocrx_word' id='word_1_27' title='bbox 470 789 583 851; x_wconf 88' lang='lat' dir='ltr'>victus</span> <span class='ocrx_word' id='word_1_28' title='bbox 604 790 784 865; x_wconf 88' lang='lat' dir='ltr'>aviditate,</span> <span class='ocrx_word' id='word_1_29' title='bbox 801 798 836 852; x_wconf 93' lang='lat' dir='ltr'>et</span> <span class='ocrx_word' id='word_1_30' title='bbox 851 791 1011 869; x_wconf 87' lang='lat' dir='ltr'>promissi</span> <span class='ocrx_word' id='word_1_31' title='bbox 1034 790 1174 852; x_wconf 81' lang='lat' dir='ltr'>lionoris</span> <span class='ocrx_word' id='word_1_32' title='bbox 1186 761 1333 849; x_wconf 56' lang='lat' dir='ltr'>{illidii</span> 
     </span>
    </p>
   </div>
   <div class='ocr_carea' id='block_1_4' title="bbox 214 858 1328 1464">
    <p class='ocr_par' dir='ltr' id='par_1_4' title="bbox 214 858 1299 1364">
     <span class='ocr_line' id='line_1_6' title="bbox 216 858 1299 966; baseline 0.002 -20"><span class='ocrx_word' id='word_1_33' title='bbox 216 894 341 965; x_wconf 88' lang='lat' dir='ltr'>captus</span> <span class='ocrx_word' id='word_1_34' title='bbox 357 889 606 966; x_wconf 83' lang='lat' dir='ltr'>magnitudine,</span> <span class='ocrx_word' id='word_1_35' title='bbox 622 908 643 951; x_wconf 91' lang='lat' dir='ltr'>a</span> <span class='ocrx_word' id='word_1_36' title='bbox 660 888 810 951; x_wconf 87' lang='lat' dir='ltr'>naturali</span> <span class='ocrx_word' id='word_1_37' title='bbox 828 888 968 951; x_wconf 90' lang='lat' dir='ltr'>domino</span> <span class='ocrx_word' id='word_1_38' title='bbox 994 907 1058 951; x_wconf 93' lang='lat' dir='ltr'>suo</span> <span class='ocrx_word' id='word_1_39' title='bbox 1084 888 1175 950; x_wconf 91' lang='lat' dir='ltr'>Rot-</span> <span class='ocrx_word' id='word_1_40' title='bbox 1187 858 1299 948; x_wconf 59' lang='lat' dir='ltr'>iiiiii?</span> 
     </span>
     <span class='ocr_line' id='line_1_7' title="bbox 216 983 1172 1067; baseline 0.004 -23"><span class='ocrx_word' id='word_1_41' title='bbox 216 983 327 1055; x_wconf 89' lang='lat' dir='ltr'>berto,</span> <span class='ocrx_word' id='word_1_42' title='bbox 345 983 623 1049; x_wconf 91' lang='lat' dir='ltr'>Normannorum</span> <span class='ocrx_word' id='word_1_43' title='bbox 640 987 777 1062; x_wconf 84' lang='lat' dir='ltr'>comite,</span> <span class='ocrx_word' id='word_1_44' title='bbox 793 989 848 1049; x_wconf 92' lang='lat' dir='ltr'>cui</span> <span class='ocrx_word' id='word_1_45' title='bbox 862 986 1063 1050; x_wconf 87' lang='lat' dir='ltr'>fidelitatem</span> <span class='ocrx_word' id='word_1_46' title='bbox 1074 987 1172 1067; x_wconf 88' lang='lat' dir='ltr'>jura-</span> 
     </span>
     <span class='ocr_line' id='line_1_8' title="bbox 216 1083 1171 1168; baseline 0.005 -25"><span class='ocrx_word' id='word_1_47' title='bbox 216 1091 326 1158; x_wconf 80' lang='lat' dir='ltr'>verat,</span> <span class='ocrx_word' id='word_1_48' title='bbox 343 1083 479 1162; x_wconf 87' lang='lat' dir='ltr'>defecit,</span> <span class='ocrx_word' id='word_1_49' title='bbox 496 1094 530 1149; x_wconf 90' lang='lat' dir='ltr'>et</span> <span class='ocrx_word' id='word_1_50' title='bbox 541 1086 576 1148; x_wconf 95' lang='lat' dir='ltr'>in</span> <span class='ocrx_word' id='word_1_51' title='bbox 588 1086 754 1166; x_wconf 88' lang='lat' dir='ltr'>Angliam</span> <span class='ocrx_word' id='word_1_52' title='bbox 771 1087 813 1149; x_wconf 85' lang='lat' dir='ltr'>ad</span> <span class='ocrx_word' id='word_1_53' title='bbox 826 1105 946 1168; x_wconf 85' lang='lat' dir='ltr'>regem</span> <span class='ocrx_word' id='word_1_54' title='bbox 957 1085 1171 1149; x_wconf 91' lang='lat' dir='ltr'>Willelmum</span> 
     </span>
     <span class='ocr_line' id='line_1_9' title="bbox 214 1183 1170 1260; baseline 0.005 -18"><span class='ocrx_word' id='word_1_55' title='bbox 214 1183 370 1260; x_wconf 87' lang='lat' dir='ltr'>veniens,</span> <span class='ocrx_word' id='word_1_56' title='bbox 388 1183 480 1248; x_wconf 88' lang='lat' dir='ltr'>illius</span> <span class='ocrx_word' id='word_1_57' title='bbox 497 1205 534 1248; x_wconf 88' lang='lat' dir='ltr'>se</span> <span class='ocrx_word' id='word_1_58' title='bbox 557 1185 721 1260; x_wconf 92' lang='lat' dir='ltr'>dominio,</span> <span class='ocrx_word' id='word_1_59' title='bbox 740 1194 779 1249; x_wconf 89' lang='lat' dir='ltr'>ut</span> <span class='ocrx_word' id='word_1_60' title='bbox 797 1187 960 1248; x_wconf 82' lang='lat' dir='ltr'>seductor</span> <span class='ocrx_word' id='word_1_61' title='bbox 982 1185 1170 1260; x_wconf 65' lang='lat' dir='ltr'>maximus</span> 
     </span>
     <span class='ocr_line' id='line_1_10' title="bbox 215 1281 429 1364; baseline 0.014 -22"><span class='ocrx_word' id='word_1_62' title='bbox 215 1281 429 1364; x_wconf 83' lang='lat' dir='ltr'>subjugavit.</span> 
     </span>
    </p>

    <p class='ocr_par' dir='ltr' id='par_1_5' title="bbox 266 1378 1328 1464">
     <span class='ocr_line' id='line_1_11' title="bbox 266 1378 1328 1464; baseline 0.005 -23"><span class='ocrx_word' id='word_1_63' title='bbox 266 1378 410 1444; x_wconf 86' lang='lat' dir='ltr'>Arfasto</span> <span class='ocrx_word' id='word_1_64' title='bbox 436 1383 531 1463; x_wconf 91' lang='lat' dir='ltr'>prius</span> <span class='ocrx_word' id='word_1_65' title='bbox 548 1382 716 1446; x_wconf 91' lang='lat' dir='ltr'>Willelmi</span> <span class='ocrx_word' id='word_1_66' title='bbox 738 1382 887 1459; x_wconf 73' lang='lat' dir='ltr'>comitia,</span> <span class='ocrx_word' id='word_1_67' title='bbox 913 1391 948 1446; x_wconf 93' lang='lat' dir='ltr'>et</span> <span class='ocrx_word' id='word_1_68' title='bbox 977 1391 1057 1464; x_wconf 90' lang='lat' dir='ltr'>post</span> <span class='ocrx_word' id='word_1_69' title='bbox 1078 1383 1169 1446; x_wconf 91' lang='lat' dir='ltr'>Wil·</span> <span class='ocrx_word' id='word_1_70' title='bbox 1195 1400 1259 1439; x_wconf 63' lang='lat' dir='ltr'>cn·</span> <span class='ocrx_word' id='word_1_71' title='bbox 1271 1401 1328 1439; x_wconf 75' lang='lat'><strong>1⁰⁹4.</strong></span> 
     </span>
    </p>
   </div>
   <div class='ocr_carea' id='block_1_5' title="bbox 215 1465 1332 1564">
    <p class='ocr_par' dir='ltr' id='par_1_6' title="bbox 215 1465 1332 1564">
     <span class='ocr_line' id='line_1_12' title="bbox 215 1465 1332 1564; baseline 0.015 -26"><span class='ocrx_word' id='word_1_72' title='bbox 215 1477 309 1541; x_wconf 92' lang='lat' dir='ltr'>lelmi</span> <span class='ocrx_word' id='word_1_73' title='bbox 342 1482 433 1560; x_wconf 90' lang='lat' dir='ltr'>regis</span> <span class='ocrx_word' id='word_1_74' title='bbox 465 1482 656 1563; x_wconf 83' lang='lat' dir='ltr'>capellana,</span> <span class='ocrx_word' id='word_1_75' title='bbox 683 1501 847 1564; x_wconf 91' lang='lat' dir='ltr'>processu</span> <span class='ocrx_word' id='word_1_76' title='bbox 883 1502 964 1545; x_wconf 88' lang='lat' dir='ltr'>vero</span> <span class='ocrx_word' id='word_1_77' title='bbox 1004 1484 1170 1564; x_wconf 86' lang='lat' dir='ltr'>temporis</span> <span class='ocrx_word' id='word_1_78' title='bbox 1182 1465 1332 1554; x_wconf 43' lang='lat' dir='ltr'>iiiiii&amp;</span> 
     </span>
    </p>
   </div>
   <div class='ocr_carea' id='block_1_6' title="bbox 212 1564 1318 3434">
    <p class='ocr_par' dir='ltr' id='par_1_7' title="bbox 214 1564 1315 1860">
     <span class='ocr_line' id='line_1_13' title="bbox 217 1564 1315 1672; baseline 0.005 -34"><span class='ocrx_word' id='word_1_79' title='bbox 217 1577 491 1642; x_wconf 87' lang='lat' dir='ltr'>Theodsordensi</span> <span class='ocrx_word' id='word_1_80' title='bbox 507 1582 680 1661; x_wconf 87' lang='lat' dir='ltr'>episcopo,</span> <span class='ocrx_word' id='word_1_81' title='bbox 691 1583 766 1662; x_wconf 89' lang='lat' dir='ltr'>jam</span> <span class='ocrx_word' id='word_1_82' title='bbox 778 1582 820 1643; x_wconf 91' lang='lat' dir='ltr'>de</span> <span class='ocrx_word' id='word_1_83' title='bbox 834 1582 945 1643; x_wconf 92' lang='lat' dir='ltr'>medio</span> <span class='ocrx_word' id='word_1_84' title='bbox 961 1581 1065 1655; x_wconf 86' lang='lat' dir='ltr'>facto,</span> <span class='ocrx_word' id='word_1_85' title='bbox 1079 1582 1169 1662; x_wconf 87' lang='lat' dir='ltr'>ejus·</span> <span class='ocrx_word' id='word_1_86' title='bbox 1183 1564 1315 1672; x_wconf 32' lang='lat' dir='ltr'>&amp;rugam</span> 
     </span>
     <span class='ocr_line' id='line_1_14' title="bbox 214 1673 1275 1760; baseline 0.003 -21"><span class='ocrx_word' id='word_1_87' title='bbox 214 1696 282 1757; x_wconf 92' lang='lat' dir='ltr'>que</span> <span class='ocrx_word' id='word_1_88' title='bbox 294 1698 493 1742; x_wconf 85' lang='lat' dir='ltr'>successore</span> <span class='ocrx_word' id='word_1_89' title='bbox 503 1679 692 1752; x_wconf 80' lang='lat' dir='ltr'>willelmo,</span> <span class='ocrx_word' id='word_1_90' title='bbox 704 1679 956 1752; x_wconf 87' lang='lat' dir='ltr'>Hereberbtus,</span> <span class='ocrx_word' id='word_1_91' title='bbox 968 1680 1027 1759; x_wconf 91' lang='lat' dir='ltr'>qui</span> <span class='ocrx_word' id='word_1_92' title='bbox 1040 1698 1170 1760; x_wconf 90' lang='lat' dir='ltr'>cogno·</span> <span class='ocrx_word' id='word_1_93' title='bbox 1183 1673 1275 1712; x_wconf 44' lang='grc' dir='ltr'>’ΜΨ</span> 
     </span>
     <span class='ocr_line' id='line_1_15' title="bbox 214 1777 1169 1860; baseline 0.004 -24"><span class='ocrx_word' id='word_1_94' title='bbox 214 1777 414 1840; x_wconf 82' lang='lat' dir='ltr'>minabatur</span> <span class='ocrx_word' id='word_1_95' title='bbox 439 1778 602 1860; x_wconf 89' lang='lat' dir='ltr'>Losinga,</span> <span class='ocrx_word' id='word_1_96' title='bbox 621 1779 712 1859; x_wconf 92' lang='lat' dir='ltr'>quod</span> <span class='ocrx_word' id='word_1_97' title='bbox 736 1780 767 1841; x_wconf 90' lang='lat' dir='ltr'>oi</span> <span class='ocrx_word' id='word_1_98' title='bbox 791 1797 848 1841; x_wconf 86' lang='lat' dir='ltr'>ars</span> <span class='ocrx_word' id='word_1_99' title='bbox 871 1777 1080 1841; x_wconf 86' lang='lat' dir='ltr'>adulationis</span> <span class='ocrx_word' id='word_1_100' title='bbox 1105 1798 1169 1840; x_wconf 93' lang='lat' dir='ltr'>nu-</span> 
     </span>
    </p>

    <p class='ocr_par' dir='ltr' id='par_1_8' title="bbox 215 1878 1170 2056">
     <span class='ocr_line' id='line_1_16' title="bbox 215 1878 1170 1958; baseline 0.004 -22"><span class='ocrx_word' id='word_1_101' title='bbox 215 1893 278 1952; x_wconf 89' lang='lat' dir='ltr'>per</span> <span class='ocrx_word' id='word_1_102' title='bbox 307 1884 440 1956; x_wconf 79' lang='lat' dir='ltr'>egerat,</span> <span class='ocrx_word' id='word_1_103' title='bbox 470 1897 514 1940; x_wconf 86' lang='lat' dir='ltr'>ex</span> <span class='ocrx_word' id='word_1_104' title='bbox 550 1879 663 1958; x_wconf 88' lang='lat' dir='ltr'>priore</span> <span class='ocrx_word' id='word_1_105' title='bbox 695 1878 877 1940; x_wconf 88' lang='lat' dir='ltr'>Fescamni</span> <span class='ocrx_word' id='word_1_106' title='bbox 905 1886 940 1940; x_wconf 94' lang='lat' dir='ltr'>et</span> <span class='ocrx_word' id='word_1_107' title='bbox 972 1896 1015 1939; x_wconf 87' lang='lat' dir='ltr'>ex</span> <span class='ocrx_word' id='word_1_108' title='bbox 1044 1878 1170 1940; x_wconf 85' lang='lat' dir='ltr'>abbate</span> 
     </span>
     <span class='ocr_line' id='line_1_17' title="bbox 215 1971 1169 2056; baseline 0.004 -22"><span class='ocrx_word' id='word_1_109' title='bbox 215 1971 403 2049; x_wconf 88' lang='lat' dir='ltr'>Ramesiae,</span> <span class='ocrx_word' id='word_1_110' title='bbox 427 1983 543 2056; x_wconf 90' lang='lat' dir='ltr'>empto</span> <span class='ocrx_word' id='word_1_111' title='bbox 567 1977 770 2056; x_wconf 86' lang='lat' dir='ltr'>praesulatu,</span> <span class='ocrx_word' id='word_1_112' title='bbox 789 1975 1082 2037; x_wconf 81' lang='lat' dir='ltr'>Theodiordensis</span> <span class='ocrx_word' id='word_1_113' title='bbox 1111 1995 1169 2038; x_wconf 90' lang='lat' dir='ltr'>ec·</span> 
     </span>
    </p>

    <p class='ocr_par' dir='ltr' id='par_1_9' title="bbox 213 2071 1169 2253">
     <span class='ocr_line' id='line_1_18' title="bbox 213 2071 1169 2156; baseline 0.005 -24"><span class='ocrx_word' id='word_1_114' title='bbox 213 2071 329 2134; x_wconf 87' lang='lat' dir='ltr'>clesiae</span> <span class='ocrx_word' id='word_1_115' title='bbox 354 2073 467 2138; x_wconf 85' lang='lat' dir='ltr'>sactus</span> <span class='ocrx_word' id='word_1_116' title='bbox 492 2082 545 2138; x_wconf 82' lang='lat' dir='ltr'>est</span> <span class='ocrx_word' id='word_1_117' title='bbox 573 2075 768 2156; x_wconf 67' lang='lat' dir='ltr'>episcopus</span> <span class='ocrx_word' id='word_1_118' title='bbox 792 2080 891 2154; x_wconf 88' lang='lat' dir='ltr'>patre</span> <span class='ocrx_word' id='word_1_119' title='bbox 917 2091 980 2135; x_wconf 92' lang='lat' dir='ltr'>suo</span> <span class='ocrx_word' id='word_1_120' title='bbox 996 2071 1169 2137; x_wconf 88' lang='lat' dir='ltr'>Rotberto</span> 
     </span>
     <span class='ocr_line' id='line_1_19' title="bbox 213 2170 1169 2253; baseline 0.004 -23"><span class='ocrx_word' id='word_1_121' title='bbox 213 2170 371 2252; x_wconf 88' lang='lat' dir='ltr'>ejusdem</span> <span class='ocrx_word' id='word_1_122' title='bbox 400 2173 615 2253; x_wconf 84' lang='lat' dir='ltr'>cognominis</span> <span class='ocrx_word' id='word_1_123' title='bbox 641 2175 677 2236; x_wconf 92' lang='lat' dir='ltr'>in</span> <span class='ocrx_word' id='word_1_124' title='bbox 701 2173 876 2235; x_wconf 87' lang='lat' dir='ltr'>abbatiam</span> <span class='ocrx_word' id='word_1_125' title='bbox 900 2171 1089 2235; x_wconf 83' lang='lat' dir='ltr'>Wintoniae</span> <span class='ocrx_word' id='word_1_126' title='bbox 1115 2173 1169 2234; x_wconf 91' lang='lat' dir='ltr'>in·</span> 
     </span>
    </p>

    <p class='ocr_par' dir='ltr' id='par_1_10' title="bbox 213 2269 1308 2647">
     <span class='ocr_line' id='line_1_20' title="bbox 215 2269 1308 2376; baseline 0.006 -48"><span class='ocrx_word' id='word_1_127' title='bbox 215 2275 324 2331; x_wconf 89' lang='lat' dir='ltr'>truso.</span> <span class='ocrx_word' id='word_1_128' title='bbox 387 2271 625 2335; x_wconf 89' lang='lat' dir='ltr'>Veruntamen</span> <span class='ocrx_word' id='word_1_129' title='bbox 652 2290 830 2334; x_wconf 90' lang='lat' dir='ltr'>erroneum</span> <span class='ocrx_word' id='word_1_130' title='bbox 857 2271 1023 2351; x_wconf 90' lang='lat' dir='ltr'>impetum</span> <span class='ocrx_word' id='word_1_131' title='bbox 1041 2269 1308 2376; x_wconf 59' lang='lat' dir='ltr'>juven-geone</span> 
     </span>
     <span class='ocr_line' id='line_1_21' title="bbox 213 2347 1260 2450; baseline 0.005 -23"><span class='ocrx_word' id='word_1_132' title='bbox 213 2368 300 2428; x_wconf 90' lang='lat' dir='ltr'>tutis</span> <span class='ocrx_word' id='word_1_133' title='bbox 310 2368 463 2431; x_wconf 89' lang='lat' dir='ltr'>abolevit</span> <span class='ocrx_word' id='word_1_134' title='bbox 473 2371 678 2449; x_wconf 88' lang='lat' dir='ltr'>poenitentia</span> <span class='ocrx_word' id='word_1_135' title='bbox 692 2390 700 2447; x_wconf 90' lang='lat'><strong>;</strong></span> <span class='ocrx_word' id='word_1_136' title='bbox 720 2371 870 2434; x_wconf 89' lang='lat' dir='ltr'>Romam</span> <span class='ocrx_word' id='word_1_137' title='bbox 885 2368 1059 2450; x_wconf 83' lang='lat' dir='ltr'>proiectus</span> <span class='ocrx_word' id='word_1_138' title='bbox 1071 2388 1170 2432; x_wconf 88' lang='lat' dir='ltr'>seve·</span> <span class='ocrx_word' id='word_1_139' title='bbox 1204 2347 1260 2376; x_wconf 67' lang='lat' dir='ltr'>‘&#39;m‘&#39;</span> 
     </span>
     <span class='ocr_line' id='line_1_22' title="bbox 213 2465 1169 2542; baseline 0.006 -16"><span class='ocrx_word' id='word_1_140' title='bbox 213 2465 364 2528; x_wconf 89' lang='lat' dir='ltr'>rioribus</span> <span class='ocrx_word' id='word_1_141' title='bbox 390 2467 501 2542; x_wconf 85' lang='lat' dir='ltr'>annis,</span> <span class='ocrx_word' id='word_1_142' title='bbox 519 2468 578 2531; x_wconf 91' lang='lat' dir='ltr'>ubi</span> <span class='ocrx_word' id='word_1_143' title='bbox 602 2468 669 2532; x_wconf 94' lang='lat' dir='ltr'>loci</span> <span class='ocrx_word' id='word_1_144' title='bbox 695 2468 922 2531; x_wconf 90' lang='lat' dir='ltr'>simoniacum</span> <span class='ocrx_word' id='word_1_145' title='bbox 950 2466 1110 2529; x_wconf 91' lang='lat' dir='ltr'>baculum</span> <span class='ocrx_word' id='word_1_146' title='bbox 1133 2475 1169 2532; x_wconf 87' lang='lat' dir='ltr'>et</span> 
     </span>
     <span class='ocr_line' id='line_1_23' title="bbox 214 2565 1168 2647; baseline 0.006 -23"><span class='ocrx_word' id='word_1_147' title='bbox 214 2565 381 2626; x_wconf 88' lang='lat' dir='ltr'>annulum</span> <span class='ocrx_word' id='word_1_148' title='bbox 411 2565 599 2647; x_wconf 88' lang='lat' dir='ltr'>deponens,</span> <span class='ocrx_word' id='word_1_149' title='bbox 635 2567 852 2647; x_wconf 78' lang='lat' dir='ltr'>indulgentia</span> <span class='ocrx_word' id='word_1_150' title='bbox 892 2565 1168 2630; x_wconf 88' lang='lat' dir='ltr'>clementissimae</span> 
     </span>
    </p>

    <p class='ocr_par' dir='ltr' id='par_1_11' title="bbox 212 2661 1318 3434">
     <span class='ocr_line' id='line_1_24' title="bbox 212 2661 1169 2747; baseline 0.006 -24"><span class='ocrx_word' id='word_1_151' title='bbox 212 2661 306 2724; x_wconf 88' lang='lat' dir='ltr'>sedis</span> <span class='ocrx_word' id='word_1_152' title='bbox 325 2663 451 2726; x_wconf 91' lang='lat' dir='ltr'>iterum</span> <span class='ocrx_word' id='word_1_153' title='bbox 477 2665 630 2747; x_wconf 87' lang='lat' dir='ltr'>recipere</span> <span class='ocrx_word' id='word_1_154' title='bbox 657 2667 794 2729; x_wconf 90' lang='lat' dir='ltr'>meruit.</span> <span class='ocrx_word' id='word_1_155' title='bbox 841 2664 992 2728; x_wconf 92' lang='lat' dir='ltr'>Domum</span> <span class='ocrx_word' id='word_1_156' title='bbox 1009 2684 1090 2727; x_wconf 88' lang='lat' dir='ltr'>vero</span> <span class='ocrx_word' id='word_1_157' title='bbox 1118 2685 1169 2729; x_wconf 91' lang='lat' dir='ltr'>re·</span> 
     </span>
     <span class='ocr_line' id='line_1_25' title="bbox 213 2762 1167 2845; baseline 0.003 -22"><span class='ocrx_word' id='word_1_158' title='bbox 213 2779 348 2836; x_wconf 84' lang='lat' dir='ltr'>versus,</span> <span class='ocrx_word' id='word_1_159' title='bbox 371 2763 487 2825; x_wconf 91' lang='lat' dir='ltr'>sedem</span> <span class='ocrx_word' id='word_1_160' title='bbox 513 2765 746 2845; x_wconf 88' lang='lat' dir='ltr'>episcopalem</span> <span class='ocrx_word' id='word_1_161' title='bbox 766 2763 1018 2844; x_wconf 88' lang='lat' dir='ltr'>transportavit</span> <span class='ocrx_word' id='word_1_162' title='bbox 1043 2762 1087 2826; x_wconf 88' lang='lat' dir='ltr'>ad</span> <span class='ocrx_word' id='word_1_163' title='bbox 1114 2764 1167 2826; x_wconf 95' lang='lat' dir='ltr'>in-</span> 
     </span>
     <span class='ocr_line' id='line_1_26' title="bbox 214 2859 1168 2943; baseline 0.006 -22"><span class='ocrx_word' id='word_1_164' title='bbox 214 2859 349 2939; x_wconf 87' lang='lat' dir='ltr'>signem</span> <span class='ocrx_word' id='word_1_165' title='bbox 383 2862 614 2924; x_wconf 91' lang='lat' dir='ltr'>mercimoniis</span> <span class='ocrx_word' id='word_1_166' title='bbox 652 2871 688 2926; x_wconf 91' lang='lat' dir='ltr'>et</span> <span class='ocrx_word' id='word_1_167' title='bbox 723 2862 928 2943; x_wconf 90' lang='lat' dir='ltr'>populorum</span> <span class='ocrx_word' id='word_1_168' title='bbox 972 2862 1168 2942; x_wconf 80' lang='lat' dir='ltr'>frequentia</span> 
     </span>
     <span class='ocr_line' id='line_1_27' title="bbox 214 2959 1166 3042; baseline 0 -22"><span class='ocrx_word' id='word_1_169' title='bbox 214 2959 330 3021; x_wconf 88' lang='lat' dir='ltr'>vicum</span> <span class='ocrx_word' id='word_1_170' title='bbox 347 2960 485 3022; x_wconf 89' lang='lat' dir='ltr'>nomine</span> <span class='ocrx_word' id='word_1_171' title='bbox 499 2960 676 3036; x_wconf 86' lang='lat' dir='ltr'>Nordwic,</span> <span class='ocrx_word' id='word_1_172' title='bbox 690 2961 807 3042; x_wconf 90' lang='lat' dir='ltr'>ibique</span> <span class='ocrx_word' id='word_1_173' title='bbox 823 2959 1068 3022; x_wconf 89' lang='lat' dir='ltr'>monachornm</span> <span class='ocrx_word' id='word_1_174' title='bbox 1083 2978 1166 3022; x_wconf 87' lang='lat' dir='ltr'>con-</span> 
     </span>
     <span class='ocr_line' id='line_1_28' title="bbox 214 3057 1318 3137; baseline -0.003 -19"><span class='ocrx_word' id='word_1_175' title='bbox 214 3059 453 3137; x_wconf 87' lang='lat' dir='ltr'>gregationem</span> <span class='ocrx_word' id='word_1_176' title='bbox 480 3060 643 3122; x_wconf 88' lang='lat' dir='ltr'>instituit.</span> <span class='ocrx_word' id='word_1_177' title='bbox 697 3059 776 3121; x_wconf 83' lang='lat' dir='ltr'>Rex</span> <span class='ocrx_word' id='word_1_178' title='bbox 793 3057 990 3121; x_wconf 88' lang='lat' dir='ltr'>Willelmus</span> <span class='ocrx_word' id='word_1_179' title='bbox 1009 3057 1166 3119; x_wconf 88' lang='lat' dir='ltr'>Haestin-</span> <span class='ocrx_word' id='word_1_180' title='bbox 1180 3075 1318 3114; x_wconf 60' lang='lat' dir='ltr'>maenum</span> 
     </span>
     <span class='ocr_line' id='line_1_29' title="bbox 213 3125 1299 3237; baseline -0.005 -21"><span class='ocrx_word' id='word_1_181' title='bbox 213 3174 294 3235; x_wconf 87' lang='lat' dir='ltr'>gam</span> <span class='ocrx_word' id='word_1_182' title='bbox 326 3156 422 3231; x_wconf 88' lang='lat' dir='ltr'>adiit,</span> <span class='ocrx_word' id='word_1_183' title='bbox 446 3157 640 3237; x_wconf 90' lang='lat' dir='ltr'>ibidemque</span> <span class='ocrx_word' id='word_1_184' title='bbox 668 3157 847 3220; x_wconf 89' lang='lat' dir='ltr'>ecclesiam</span> <span class='ocrx_word' id='word_1_185' title='bbox 881 3156 924 3218; x_wconf 92' lang='lat' dir='ltr'>de</span> <span class='ocrx_word' id='word_1_186' title='bbox 947 3157 1047 3218; x_wconf 91' lang='lat' dir='ltr'>Bello</span> <span class='ocrx_word' id='word_1_187' title='bbox 1072 3125 1299 3218; x_wconf 58' lang='lat' dir='ltr'>dedi-ibiibi.</span> 
     </span>
     <span class='ocr_line' id='line_1_30' title="bbox 213 3253 1275 3335; baseline -0.002 -19"><span class='ocrx_word' id='word_1_188' title='bbox 213 3255 283 3317; x_wconf 89' lang='lat' dir='ltr'>cari</span> <span class='ocrx_word' id='word_1_189' title='bbox 303 3254 397 3330; x_wconf 86' lang='lat' dir='ltr'>fecit,</span> <span class='ocrx_word' id='word_1_190' title='bbox 418 3262 453 3317; x_wconf 92' lang='lat' dir='ltr'>et</span> <span class='ocrx_word' id='word_1_191' title='bbox 476 3264 555 3335; x_wconf 91' lang='lat' dir='ltr'>post</span> <span class='ocrx_word' id='word_1_192' title='bbox 574 3255 823 3318; x_wconf 90' lang='lat' dir='ltr'>Normanniam</span> <span class='ocrx_word' id='word_1_193' title='bbox 842 3255 965 3335; x_wconf 89' lang='lat' dir='ltr'>petiit:</span> <span class='ocrx_word' id='word_1_194' title='bbox 990 3254 1033 3316; x_wconf 88' lang='lat' dir='ltr'>ad</span> <span class='ocrx_word' id='word_1_195' title='bbox 1049 3253 1166 3315; x_wconf 87' lang='lat' dir='ltr'>fratris</span> <span class='ocrx_word' id='word_1_196' title='bbox 1180 3276 1275 3315; x_wconf 70' lang='lat' dir='ltr'>murm</span> 
     </span>
     <span class='ocr_line' id='line_1_31' title="bbox 212 3331 1312 3434; baseline 0 -20"><span class='ocrx_word' id='word_1_197' title='bbox 212 3353 423 3434; x_wconf 91' lang='lat' dir='ltr'>colloquium</span> <span class='ocrx_word' id='word_1_198' title='bbox 443 3357 507 3416; x_wconf 87' lang='lat' dir='ltr'>sub</span> <span class='ocrx_word' id='word_1_199' title='bbox 524 3362 656 3417; x_wconf 88' lang='lat' dir='ltr'>statuta</span> <span class='ocrx_word' id='word_1_200' title='bbox 673 3373 756 3434; x_wconf 88' lang='lat' dir='ltr'>pace</span> <span class='ocrx_word' id='word_1_201' title='bbox 775 3354 879 3427; x_wconf 90' lang='lat' dir='ltr'>venit,</span> <span class='ocrx_word' id='word_1_202' title='bbox 897 3351 955 3415; x_wconf 92' lang='lat' dir='ltr'>sed</span> <span class='ocrx_word' id='word_1_203' title='bbox 972 3353 1166 3432; x_wconf 86' lang='lat' dir='ltr'>impacatus</span> <span class='ocrx_word' id='word_1_204' title='bbox 1179 3331 1312 3424; x_wconf 48' lang='lat' dir='ltr'>ididiam.</span> 
     </span>
    </p>
   </div>
   <div class='ocr_carea' id='block_1_7' title="bbox 213 3451 1166 3532">
    <p class='ocr_par' dir='ltr' id='par_1_12' title="bbox 213 3451 1166 3532">
     <span class='ocr_line' id='line_1_32' title="bbox 213 3451 1166 3532; baseline -0.002 -19"><span class='ocrx_word' id='word_1_205' title='bbox 213 3453 256 3513; x_wconf 92' lang='lat' dir='ltr'>ab</span> <span class='ocrx_word' id='word_1_206' title='bbox 290 3471 331 3514; x_wconf 93' lang='lat' dir='ltr'>eo</span> <span class='ocrx_word' id='word_1_207' title='bbox 368 3453 535 3516; x_wconf 86' lang='lat' dir='ltr'>recessit.¹</span> <span class='ocrx_word' id='word_1_208' title='bbox 600 3452 725 3516; x_wconf 86' lang='lat' dir='ltr'>Comes</span> <span class='ocrx_word' id='word_1_209' title='bbox 757 3452 895 3532; x_wconf 92' lang='lat' dir='ltr'>quidem</span> <span class='ocrx_word' id='word_1_210' title='bbox 929 3451 1166 3531; x_wconf 86' lang='lat' dir='ltr'>Rotomagum</span> 
     </span>
    </p>
   </div>
   <div class='ocr_carea' id='block_1_8' title="bbox 207 3710 1169 4120">
    <p class='ocr_par' dir='ltr' id='par_1_13' title="bbox 207 3710 1169 4120">
     <span class='ocr_line' id='line_1_33' title="bbox 249 3710 1168 3776; baseline -0.002 -16"><span class='ocrx_word' id='word_1_211' title='bbox 249 3710 573 3776; x_wconf 75' lang='lat' dir='ltr'>&#39;Arfasto...recessit.]</span> <span class='ocrx_word' id='word_1_212' title='bbox 600 3715 631 3762; x_wconf 91' lang='lat' dir='ltr'>In</span> <span class='ocrx_word' id='word_1_213' title='bbox 647 3715 676 3764; x_wconf 86' lang='lat' dir='ltr'>C.</span> <span class='ocrx_word' id='word_1_214' title='bbox 703 3728 749 3761; x_wconf 89' lang='lat' dir='ltr'>suo</span> <span class='ocrx_word' id='word_1_215' title='bbox 772 3714 826 3774; x_wconf 82' lang='lat' dir='ltr'>regi</span> <span class='ocrx_word' id='word_1_216' title='bbox 849 3712 977 3759; x_wconf 86' lang='lat' dir='ltr'>Willelmo</span> <span class='ocrx_word' id='word_1_217' title='bbox 1001 3713 1098 3772; x_wconf 89' lang='lat' dir='ltr'>juniori</span> <span class='ocrx_word' id='word_1_218' title='bbox 1121 3727 1168 3771; x_wconf 90' lang='lat' dir='ltr'>per</span> 
     </span>
     <span class='ocr_line' id='line_1_34' title="bbox 210 3781 1168 3843; baseline 0.001 -16"><span class='ocrx_word' id='word_1_219' title='bbox 210 3781 261 3830; x_wconf 86' lang='lat' dir='ltr'>this</span> <span class='ocrx_word' id='word_1_220' title='bbox 274 3783 375 3842; x_wconf 89' lang='lat' dir='ltr'>portion</span> <span class='ocrx_word' id='word_1_221' title='bbox 387 3783 469 3830; x_wconf 84' lang='lat' dir='ltr'>nithe</span> <span class='ocrx_word' id='word_1_222' title='bbox 485 3789 539 3831; x_wconf 90' lang='lat' dir='ltr'>text</span> <span class='ocrx_word' id='word_1_223' title='bbox 553 3783 677 3831; x_wconf 87' lang='lat' dir='ltr'>hasbeen</span> <span class='ocrx_word' id='word_1_224' title='bbox 702 3783 800 3843; x_wconf 82' lang='lat' dir='ltr'>legatos</span> <span class='ocrx_word' id='word_1_225' title='bbox 819 3782 958 3841; x_wconf 80' lang='lat' dir='ltr'>mandavit,</span> <span class='ocrx_word' id='word_1_226' title='bbox 979 3795 1068 3839; x_wconf 88' lang='lat' dir='ltr'>pacem</span> <span class='ocrx_word' id='word_1_227' title='bbox 1091 3795 1168 3840; x_wconf 87' lang='lat' dir='ltr'>quam</span> 
     </span>
     <span class='ocr_line' id='line_1_35' title="bbox 210 3851 1167 3912; baseline -0.001 -13"><span class='ocrx_word' id='word_1_228' title='bbox 210 3852 367 3899; x_wconf 89' lang='lat' dir='ltr'>substituted</span> <span class='ocrx_word' id='word_1_229' title='bbox 379 3852 405 3899; x_wconf 92' lang='lat' dir='ltr'>in</span> <span class='ocrx_word' id='word_1_230' title='bbox 417 3852 459 3899; x_wconf 89' lang='lat' dir='ltr'>the</span> <span class='ocrx_word' id='word_1_231' title='bbox 472 3867 541 3901; x_wconf 90' lang='lat' dir='ltr'>room</span> <span class='ocrx_word' id='word_1_232' title='bbox 554 3852 606 3901; x_wconf 80' lang='lat' dir='ltr'>oia</span> <span class='ocrx_word' id='word_1_233' title='bbox 620 3857 677 3912; x_wconf 85' lang='lat' dir='ltr'>part</span> <span class='ocrx_word' id='word_1_234' title='bbox 702 3852 768 3898; x_wconf 88' lang='lat' dir='ltr'>inter</span> <span class='ocrx_word' id='word_1_235' title='bbox 796 3866 824 3899; x_wconf 87' lang='lat' dir='ltr'>se</span> <span class='ocrx_word' id='word_1_236' title='bbox 853 3851 1012 3896; x_wconf 82' lang='lat' dir='ltr'>firmaverant</span> <span class='ocrx_word' id='word_1_237' title='bbox 1038 3862 1088 3896; x_wconf 89' lang='lat' dir='ltr'>non</span> <span class='ocrx_word' id='word_1_238' title='bbox 1111 3864 1167 3898; x_wconf 83' lang='lat' dir='ltr'>esse</span> 
     </span>
     <span class='ocr_line' id='line_1_36' title="bbox 209 3918 1169 3980; baseline -0.002 -12"><span class='ocrx_word' id='word_1_239' title='bbox 209 3921 310 3980; x_wconf 89' lang='lat' dir='ltr'>erased,</span> <span class='ocrx_word' id='word_1_240' title='bbox 321 3920 408 3968; x_wconf 87' lang='lat' dir='ltr'>where</span> <span class='ocrx_word' id='word_1_241' title='bbox 426 3921 447 3967; x_wconf 92' lang='lat' dir='ltr'>it</span> <span class='ocrx_word' id='word_1_242' title='bbox 463 3921 586 3980; x_wconf 84' lang='lat' dir='ltr'>probably</span> <span class='ocrx_word' id='word_1_243' title='bbox 605 3920 677 3967; x_wconf 91' lang='lat' dir='ltr'>stood</span> <span class='ocrx_word' id='word_1_244' title='bbox 703 3920 801 3966; x_wconf 90' lang='lat' dir='ltr'>diutius</span> <span class='ocrx_word' id='word_1_245' title='bbox 840 3924 1018 3967; x_wconf 85' lang='lat' dir='ltr'>servaturum:</span> <span class='ocrx_word' id='word_1_246' title='bbox 1063 3918 1169 3978; x_wconf 85' lang='lat' dir='ltr'>insuper</span> 
     </span>
     <span class='ocr_line' id='line_1_37' title="bbox 207 3987 1168 4050; baseline -0.003 -14"><span class='ocrx_word' id='word_1_247' title='bbox 207 4003 236 4036; x_wconf 85' lang='lat' dir='ltr'>as</span> <span class='ocrx_word' id='word_1_248' title='bbox 258 3991 285 4037; x_wconf 92' lang='lat' dir='ltr'>in</span> <span class='ocrx_word' id='word_1_249' title='bbox 309 3989 350 4037; x_wconf 89' lang='lat' dir='ltr'>the</span> <span class='ocrx_word' id='word_1_250' title='bbox 377 3990 482 4050; x_wconf 89' lang='lat' dir='ltr'>edition,</span> <span class='ocrx_word' id='word_1_251' title='bbox 500 3991 549 4038; x_wconf 85' lang='lat' dir='ltr'>viz.</span> <span class='ocrx_word' id='word_1_252' title='bbox 570 3987 677 4037; x_wconf 87' lang='lat' dir='ltr'>‘Comes</span> <span class='ocrx_word' id='word_1_253' title='bbox 703 3989 776 4035; x_wconf 89' lang='lat' dir='ltr'>illurn</span> <span class='ocrx_word' id='word_1_254' title='bbox 796 3989 897 4035; x_wconf 88' lang='lat' dir='ltr'>vocavit</span> <span class='ocrx_word' id='word_1_255' title='bbox 916 3987 1045 4047; x_wconf 88' lang='lat' dir='ltr'>perjurum</span> <span class='ocrx_word' id='word_1_256' title='bbox 1069 3990 1093 4034; x_wconf 88' lang='lat' dir='ltr'>et</span> <span class='ocrx_word' id='word_1_257' title='bbox 1112 4002 1168 4047; x_wconf 83' lang='lat' dir='ltr'>per-</span> 
     </span>
     <span class='ocr_line' id='line_1_38' title="bbox 208 4056 1169 4120; baseline -0.001 -14"><span class='ocrx_word' id='word_1_258' title='bbox 208 4058 414 4108; x_wconf 85' lang='lat' dir='ltr'>Normannorum</span> <span class='ocrx_word' id='word_1_259' title='bbox 439 4059 585 4120; x_wconf 65' lang='lat' dir='ltr'>lietbertus,</span> <span class='ocrx_word' id='word_1_260' title='bbox 605 4058 677 4106; x_wconf 84' lang='lat' dir='ltr'>fratri</span> <span class='ocrx_word' id='word_1_261' title='bbox 704 4057 792 4116; x_wconf 85' lang='lat' dir='ltr'>lidum,</span> <span class='ocrx_word' id='word_1_262' title='bbox 815 4056 865 4105; x_wconf 91' lang='lat' dir='ltr'>nisi</span> <span class='ocrx_word' id='word_1_263' title='bbox 885 4056 1074 4104; x_wconf 81' lang='lat' dir='ltr'>conventionem</span> <span class='ocrx_word' id='word_1_264' title='bbox 1102 4056 1169 4105; x_wconf 90' lang='lat' dir='ltr'>inter</span> 
     </span>
    </p>
   </div>
   <div class='ocr_carea' id='block_1_9' title="bbox 260 4170 1016 4223">
    <p class='ocr_par' dir='ltr' id='par_1_14' title="bbox 260 4170 1016 4223">
     <span class='ocr_line' id='line_1_39' title="bbox 260 4170 1016 4223; baseline -0.005 -5"><span class='ocrx_word' id='word_1_265' title='bbox 260 4175 345 4223; x_wconf 84' lang='lat' dir='ltr'><strong>TOM.</strong></span> <span class='ocrx_word' id='word_1_266' title='bbox 366 4175 402 4222; x_wconf 90' lang='lat'>11.</span> <span class='ocrx_word' id='word_1_267' title='bbox 994 4170 1016 4214; x_wconf 89' lang='lat' dir='ltr'>D</span> 
     </span>
    </p>
   </div>
   <div class='ocr_carea' id='block_1_10' title="bbox 0 0 1542 4508">
    <p class='ocr_par' dir='ltr' id='par_1_15' title="bbox 0 0 1542 4508">
     <span class='ocr_line' id='line_1_40' title="bbox 0 0 1542 4508; baseline 0 3"><span class='ocrx_word' id='word_1_268' title='bbox 0 0 1542 4508; x_wconf 95' lang='lat' dir='ltr'> </span> 
     </span>
    </p>
   </div>
  </div>
 </body>
</html>
