3074 4508
452 352 643 399 rnonnmn
671 349 955 398 wiconumusrs.
1122 337 1184 399 103

227 508 264 559 ut
283 500 398 562 vinum
416 501 458 562 ad
475 500 595 563 altaris
614 500 821 562 sacrificium
840 519 934 561 more
949 501 1053 563 solito
1069 503 1180 578 daret,

224 615 303 658 cum
320 598 449 662 famulo
461 619 525 661 sue
536 600 712 674 intrasset,
728 597 882 678 repperit
895 618 998 661 unam
1012 600 1055 662 de
1068 602 1179 681 cupis,

223 713 328 774 quam
351 697 513 760 hesterna
533 698 587 760 die
609 698 745 778 plenam
775 695 974 778 reliquerat,
999 717 1109 779 usque
1133 701 1177 762 ad

221 790 377 857 foramen
409 796 529 871 obicis,
563 796 622 877 qui
654 798 784 858 usitato
814 798 951 859 nomine
982 797 1085 878 spina
1114 817 1177 860 seu

219 893 395 970 pessulum
412 893 547 969 dicitur,
565 904 782 970 evacuatam,
798 902 834 958 et
850 895 968 956 vinum
985 913 1047 974 per
1062 903 1177 958 totum

220 990 456 1068 pavimentum
482 992 654 1055 diffusum.
707 994 777 1071 Qui
804 993 960 1072 graviter
983 993 1026 1056 de
1049 993 1176 1058 damno

220 1089 311 1166 quod
330 1090 503 1153 acciderat
515 1092 758 1172 ingemiscens,
774 1089 943 1153 famulum
960 1091 1020 1173 qui
1035 1094 1176 1156 astabat

220 1187 407 1266 asperrime
432 1189 634 1270 increpavit,
657 1191 787 1263 dicens,
812 1206 889 1249 eum
917 1191 1095 1270 praeterito
1114 1209 1174 1254 ve-

218 1302 319 1363 spere
344 1287 458 1349 minus
481 1288 665 1369 diligenter
681 1289 813 1351 obicern
839 1286 1006 1362 firmasse,
1026 1288 1174 1368 ideoque

218 1381 382 1446 damnum
415 1385 610 1469 hujusmodi
640 1388 840 1468 contigisse.
895 1385 941 1448 Et
972 1385 1024 1447 his
1057 1386 1172 1462 dictis,

217 1482 282 1543 sub
302 1484 579 1547 interminatione
603 1487 769 1565 praecepit
787 1485 831 1557 ei,
849 1503 892 1545 ne
915 1483 1020 1545 alicui
1042 1483 1173 1549 diceret

218 1580 310 1658 quod
334 1582 526 1657 acciderat3
551 1583 682 1645 veritus
706 1601 749 1644 ne
773 1583 803 1643 si
830 1582 938 1643 abbas
967 1581 1032 1644 hoc
1055 1582 1170 1647 animo

215 1679 421 1760 perciperet,
437 1681 683 1744 contumeliose
701 1700 780 1743 eum
795 1678 908 1743 officio
924 1700 988 1743 suo
1005 1682 1168 1761 privaret.

217 1775 327 1841 Facto
360 1786 475 1842 antem
506 1799 660 1859 vespere,
689 1780 893 1860 priusquam
925 1779 1050 1840 fratres
1080 1779 1171 1842 irent

216 1877 383 1952 cubitum,
412 1878 587 1941 cellarium
611 1879 767 1953 intravit,
793 1877 908 1939 obices
931 1894 1106 1952 vasorum,
1133 1878 1168 1940 in

214 1975 339 2052 quibus
355 1976 471 2037 vinum
493 1975 696 2051 habebatur,
718 1974 982 2055 diligentissime
1002 1975 1169 2052 firmavit,

214 2071 402 2153 clausoque
423 2073 523 2149 ostio,
538 2073 664 2137 lectum
682 2073 795 2154 petiit.
849 2071 957 2134 Mane
977 2081 1096 2135 autem
1115 2073 1168 2136 fa·

214 2176 281 2248 cto,
300 2191 379 2234 cum
406 2172 596 2247 cellarium,
618 2173 709 2236 sicut
729 2176 972 2245 consueverat,
991 2170 1169 2249 intrasset,

212 2268 300 2333 vidit
314 2271 418 2333 aliam
436 2290 559 2351 cupam
580 2289 691 2352 usquc
709 2271 752 2332 ad
769 2276 922 2332 meatum
938 2269 1059 2344 obicis,
1076 2270 1169 2333 sicut

213 2366 336 2445 pridie,
366 2368 447 2430 vine
477 2369 662 2444 defluente,
697 2375 895 2431 vacuatam.
965 2365 1046 2443 Quo
1079 2369 1168 2443 viso,

213 2464 314 2545 cujus
339 2464 561 2546 negligentiae
585 2466 750 2528 damnum
775 2465 841 2528 hoc
864 2465 1055 2546 imputaret
1069 2466 1169 2545 igue·

214 2581 307 2637 rans,
328 2565 494 2644 graviter,
510 2583 578 2626 non
598 2564 672 2627 sine
693 2581 823 2644 magna
847 2561 1090 2638 admiratione,
1114 2564 1167 2626 in-

213 2659 336 2738 doluit,
359 2662 559 2744 famuloque
582 2682 647 2726 suo
674 2682 717 2725 ne
740 2662 867 2742 cuique
890 2660 1053 2742 proderet
1075 2663 1168 2742 quod

212 2759 388 2823 acciderat
415 2762 527 2824 denuo
553 2761 771 2843 praecipiens,
795 2759 999 2841 priusquam
1022 2778 1168 2840 vespere

210 2855 340 2920 lectum
366 2866 499 2939 peteret
514 2878 634 2922 omnes
656 2860 772 2922 obices
794 2876 964 2938 cuparum
986 2857 1169 2938 diligentia

212 2973 283 3034 qua
314 2958 429 3038 potuit
459 2958 626 3032 muniens
657 2957 768 3020 tristis
797 2963 833 3018 et
860 2954 986 3017 anxius
1017 2963 1168 3019 stratum

211 3054 310 3117 adiit.
356 3055 577 3136 Surgensque
591 3055 755 3129 diluculo,
771 3060 895 3134 aperto
910 3053 1064 3128 cellario,
1080 3055 1169 3117 vidit

211 3151 267 3213 die
293 3153 397 3215 tertia
426 3173 516 3234 cupa
542 3154 719 3235 pessulum
746 3159 956 3228 extractum,
985 3159 1021 3214 et
1047 3151 1166 3214 vinum

211 3268 322 3331 usque
348 3251 391 3313 ad
421 3251 575 3314 toramen
597 3250 755 3314 effusum.
819 3249 922 3312 Unde
948 3268 1018 3311 non
1046 3249 1166 3313 imme·

210 3348 278 3410 rito
301 3368 406 3429 super
422 3350 475 3412 his
503 3369 579 3430 quae
606 3349 807 3412 acciderant
821 3347 1038 3427 perterritus,
1057 3354 1092 3410 et
1115 3348 1166 3410 di·
1219 3395 1221 3399 -

210 3447 303 3508 utius
318 3466 497 3510 commune
512 3449 674 3509 damnum
693 3446 796 3508 silere
812 3453 982 3519 metuens,
999 3446 1042 3507 ad
1058 3446 1166 3508 abba·

210 3551 280 3606 tem
306 3545 495 3622 festinavit,
512 3545 657 3627 ejusque
679 3544 826 3624 pedibus
848 3543 1068 3624 provolutus,
1087 3562 1166 3624 quae

210 3643 346 3704 viderat
369 3662 430 3724 per
453 3644 606 3706 ordinem
632 3643 828 3714 intimavit;
859 3641 929 3721 qui,
948 3640 1068 3703 habite
1086 3660 1165 3702 cum

209 3739 374 3802 fratribus
405 3743 562 3817 consilio,
575 3742 684 3822 jussit
703 3749 742 3802 ut
763 3740 880 3802 obices
899 3757 1060 3800 vasorum
1085 3758 1165 3819 quae

208 3839 326 3900 vinum
353 3839 536 3912 habebant,
555 3839 868 3918 advesperascente
894 3836 961 3911 die,
979 3836 1165 3898 chrismate

206 3937 539 4013 circumlinirentur3
564 3936 654 4016 quod
689 3944 724 3998 et
749 3934 881 3996 factum
910 3941 974 3995 est.
1036 3933 1164 3996 Illuce·

207 4043 323 4098 scente
347 4043 461 4098 autem
485 4035 552 4111 dic,
571 4035 759 4116 praedictus
787 4032 893 4094 irater
911 4051 955 4093 ex
982 4051 1074 4093 more
1095 4032 1165 4095 cel-
