3074 4508
440 344 635 392 roonnnrn
663 344 948 393 wrconrunusrs.
1123 331 1167 394 61

211 499 385 575 Romano,
417 508 453 563 et
481 501 755 565 Transtiberina·
787 509 822 564 et
850 500 974 564 insulae
1013 500 1166 563 civitatis

210 617 329 679 pacem
348 607 383 662 et
396 601 617 663 securitatem
638 601 795 686 servabo,
814 607 886 663 tam
909 619 971 682 per
987 619 1042 662 me
1059 618 1165 682 quam

211 716 319 774 meos,
351 706 386 761 et
417 698 454 759 in
483 698 641 779 personis
673 707 709 762 et
739 699 774 761 in
804 701 919 774 rebus,
952 698 1011 780 qui
1044 715 1164 777 pacem

210 796 294 858 mihi
325 798 553 860 servaverint.
600 796 789 860 Dominum
807 816 934 878 papam
959 795 1164 860 Paschalem

211 893 363 957 fideliter
387 894 564 977 adjuvabo
592 903 633 958 ut
654 903 822 977 papatum
850 896 968 977 quiete
991 904 1027 958 et
1042 913 1165 958 secure

214 999 345 1056 teneat.
407 992 628 1056 Patrimonia
659 1002 695 1057 et
722 993 961 1074 possessiones
993 992 1164 1056 Romanae

212 1090 380 1164 ecclesiae,
416 1111 495 1172 qnae
526 1090 669 1167 abstuli,
702 1093 898 1169 restituam,
927 1098 1055 1155 cuncta
1083 1110 1164 1172 quae

211 1188 340 1252 habere
358 1189 461 1253 debet
478 1209 574 1253 more
590 1198 850 1254 autecessorum
869 1189 1042 1253 meorum¹
1065 1208 1163 1253 recu·

210 1305 334 1368 perare
355 1295 392 1350 et
412 1296 530 1352 tenere
553 1288 727 1369 adjuvabo
745 1292 837 1352 bona
856 1288 947 1365 fide3
971 1296 1006 1350 et
1022 1287 1163 1351 domino

211 1404 314 1467 papae
345 1384 511 1451 Pascbali
549 1388 721 1462 obediam,
759 1387 860 1450 salvo
897 1386 1027 1449 honore
1063 1387 1163 1466 regni

212 1492 248 1547 et
268 1485 417 1564 imperii,
435 1487 527 1548 sicut
543 1484 707 1549 catholici
728 1486 956 1565 imperatores
980 1485 1164 1549 catholicis

213 1583 438 1664 pontificibus
466 1582 648 1647 Romanis.
702 1584 793 1647 Haec
824 1585 942 1648 omnia
969 1585 1164 1647 observabo

212 1682 305 1744 bona
328 1682 406 1756 fide,
422 1682 497 1744 sine
521 1682 644 1745 fraude
669 1691 704 1745 et
722 1683 813 1745 malo
841 1681 991 1761 ingenio.
1037 1681 1084 1744 Et
1103 1682 1165 1744 isti

212 1789 295 1843 sunt
307 1781 487 1863 juratores
510 1790 672 1860 exparte
695 1780 804 1862 ipsius
820 1779 932 1860 regis:
959 1779 1165 1843 Fredericus

213 1876 433 1940 Coloniensis
470 1877 778 1960 Archiepiscopus,
817 1876 1046 1941 Gebehardus
1084 1877 1165 1941 Tri·

211 1975 351 2038 dontius
380 1974 591 2057 Episcopus,
621 1975 848 2039 Burchardus
877 1976 1166 2039 Monasteriensis

213 2073 423 2157 Episcopus,
440 2074 561 2137 Bruno
578 2073 752 2155 Spirensis
771 2073 982 2156 Episcopus,
998 2072 1165 2137 Albertus

213 2171 467 2248 Cancellarius,
505 2171 630 2236 Comes
669 2172 919 2248 Herimannus,
959 2171 1165 2235 Fredericus

212 2269 339 2333 Comes
365 2270 561 2345 Palatinus,
587 2271 822 2352 Berengarius
848 2270 987 2346 Comes,
1006 2271 1165 2334 Frederi·

211 2387 274 2430 cus
287 2367 425 2444 Comes,
441 2369 644 2432 Bonifacius
662 2369 835 2444 Marchio,
851 2368 1019 2433 Albertus
1039 2369 1166 2434 Comes

211 2466 256 2529 de
290 2466 515 2542 Blandriaco,
545 2466 749 2529 Fredericus
784 2465 923 2543 Comes,
954 2467 1167 2531 Godefridus

212 2563 353 2640 Comes,
367 2563 573 2628 Warnerius
588 2562 771 2628 Marchio?

326 2748 489 2790 OONVENOEIO
510 2749 643 2791 secum
664 2748 754 2790 mm
774 2748 874 2790 PAPAE
894 2749 931 2790 ΕΤ
951 2749 1058 2791 nuum

263 2867 458 2930 ‘Dominus
479 2885 571 2948 papa
588 2866 772 2929 Pascbalis
794 2883 902 2930 cm.
920 2866 1086 2931 concedet
1103 2867 1167 2929 do·
1180 2889 1288 2938 raupa·

211 2964 306 3028 mino
332 2967 406 3047 regi
432 2964 600 3029 Heinrico
626 2974 662 3028 et
681 2983 790 3045 regno
815 2963 903 3046 ejus,
923 2971 957 3028 et
980 2964 1166 3046 privilegio
1179 2938 1333 3036 mli?

211 3081 276 3125 suo
293 3064 358 3125 sub
377 3063 599 3127 anathemate
624 3063 843 3127 confirmabit
858 3070 894 3126 et
915 3063 1166 3139 corroborabit,
1179 3038 1333 3135 ἶιῗὲῗᾙηῗι,

212 3162 377 3243 episcopo
400 3161 454 3224 vel
480 3163 607 3225 abbate
634 3161 741 3224 libere
768 3161 879 3223 electo
903 3161 977 3223 sine
1005 3162 1165 3236 simonia,

213 3277 358 3322 assensu
391 3261 497 3339 regis,
524 3260 617 3340 quod
649 3258 808 3321 dominus
838 3277 903 3320 rex
933 3277 1012 3320 eum
1036 3260 1167 3321 annulo

213 3366 249 3419 et
266 3359 368 3437 virga
386 3357 563 3420 investiat.
618 3357 814 3437 Episcopus
837 3364 955 3419 autem
975 3355 1030 3418 vel
1057 3357 1167 3419 abbas

213 3473 236 3517 a
251 3475 335 3535 rege
356 3456 555 3531 investituS,
571 3455 681 3517 libere
701 3455 853 3534 accipiat
871 3454 1168 3516 consecrationem

212 3553 257 3615 ab
281 3554 444 3635 episcopo
468 3552 512 3615 ad
537 3572 640 3634 quem
663 3553 884 3633 pertinuerit.
931 3551 968 3614 Si
984 3552 1063 3633 quis
1084 3571 1167 3615 vero

212 3669 234 3712 a
259 3650 351 3713 clero
378 3660 413 3713 et
437 3652 568 3732 populo
593 3651 754 3731 eligatur,
779 3650 846 3712 nisi
868 3668 889 3712 a
916 3669 999 3731 rege
1026 3650 1168 3712 investi-

212 3756 303 3823 atur,
329 3766 351 3810 a
377 3750 511 3810 nemine
537 3758 779 3811 consecretur:
803 3755 838 3810 et
864 3747 1115 3828 archiepiscopi
1134 3758 1169 3810 et

214 3845 367 3927 episcopi
418 3845 616 3908 libertatem
662 3845 813 3908 habeant
865 3845 1103 3919 consecrandi,
1148 3864 1170 3907 a

212 3964 294 4025 rege
324 3943 516 4007 investitos.
563 3944 675 4025 Super
692 3942 746 4005 his
764 3943 869 4005 etiam
893 3942 1053 4005 dominus
1077 3961 1170 4023 papa

451 4069 457 4098 ¹
477 4070 610 4134 illectam]
628 4069 745 4119 Suorum.
787 4068 829 4119 W.
841 4068 929 4121 ltlatm.
