3074 4508
460 337 652 386 rnoururu
681 339 962 392 wroouurrusrs.
1143 335 1187 397 53

227 513 305 574 quae
330 495 527 558 nominatur
551 495 794 559 Bearrucseire
810 497 846 559 in
865 497 941 560 loco
965 499 1024 580 qui
1055 498 1185 564 dicitur

230 592 457 670 Heamstede,
474 594 569 656 visus
585 601 640 656 est
655 613 677 656 a
694 595 812 659 multis
828 598 971 677 sanguis
986 597 1124 662 effluere
1141 601 1185 663 de

227 697 331 756 terra.
370 692 499 754 Eodem
518 710 621 766 anno,
637 708 692 755 111.
709 693 788 756 idus
805 692 957 775 Augusti
978 697 1036 777 [11
1053 696 1181 779 Aug.],
1194 721 1332 762 Dertrootive

228 807 357 870 magna
380 790 601 871 intemperies
616 792 711 855 venti
735 793 829 854 sacta
854 802 919 868 est,
937 813 1015 873 quae
1044 773 1272 859 tantum'md*

228 887 391 949 damnum
422 888 503 951 iecit
526 889 562 950 in
587 889 756 953 fructibus
783 898 884 953 terroe
912 910 975 971 per
1001 891 1182 973 Angliam,

227 993 399 1065 quantum
416 987 477 1067 qui
501 993 584 1050 tunc
600 988 776 1064 vixerunt,
797 995 891 1053 retro
915 989 1003 1053 actis
1021 994 1182 1073 tempori-

228 1083 306 1159 bus,
325 1103 502 1165 nunquam
518 1085 692 1148 viderunt.

270 1181 468 1245 Venerandi
484 1184 640 1259 abbates,
657 1183 836 1248 Walterus
853 1186 1181 1265 Eovcshamnensis,
1204 1215 1267 1254 ao.
1279 1216 1337 1255 nor.

226 1295 312 1343 xiii.
325 1279 396 1343 kal.
410 1281 511 1344 Febr.
528 1282 588 1361 [20
603 1282 626 1344 J
630 1281 716 1361 au.];
735 1291 770 1346 et
786 1283 883 1346 Serio
894 1283 1180 1362 Gloeeestrensis,
1192 1279 1290 1368 xm,

226 1394 407 1442 1V.nonas
429 1379 550 1442 Martii
577 1381 615 1462 [4
636 1380 757 1460 Mar.],
777 1382 947 1445 obierunt.
1000 1382 1080 1446 Rex
1103 1383 1179 1448 An·
1190 1378 1333 1466 ffl‘ffl„

225 1477 362 1556 giorum
382 1477 569 1540 Heinricus
580 1480 692 1543 tenuit
703 1480 834 1542 curiam
845 1500 944 1543 suam
956 1483 1049 1562 apud
1064 1481 1180 1546 West-
1191 1477 1324 1565 ffssumm’

224 1577 472 1638 monasterium
488 1577 524 1638 in
540 1575 782 1639 Pentecosten.
828 1578 949 1641 Tertia
959 1579 1055 1655 teria,
1067 1581 1100 1642 id
1115 1590 1180 1657 est,
1191 1576 1291 1674 ξξζῇξζξῖ

225 1689 288 1736 vu.
308 1673 388 1737 idus
406 1675 429 1737 J
434 1675 504 1736 unii
526 1671 563 1757 [7
579 1675 602 1737 J
605 1673 694 1759 un.]‚
710 1682 860 1754 quatuor
877 1675 996 1738 circuli
1015 1677 1178 1742 visisunt

225 1773 319 1835 circa
335 1773 442 1835 solem
464 1773 534 1836 albi
552 1772 689 1849 coloris,
704 1773 797 1836 circa
814 1773 933 1836 horam
950 1789 1013 1850 vi,
1032 1778 1180 1857 quisque

224 1870 375 1933 circulus
391 1873 455 1933 sub
468 1872 547 1948 alio,
559 1874 660 1953 quasi
677 1879 792 1935 essent
809 1873 905 1953 picti.
956 1872 1078 1937 Mirati
1097 1884 1182 1939 sunt

225 1969 421 2049 omnesqui
442 1974 525 2032 tunc
542 1970 713 2043 viderunt,
730 1971 813 2050 quia
835 1989 1013 2050 nunquam
1030 1973 1180 2052 amplius

224 2066 310 2129 talia
320 2068 397 2129 visa
405 2072 485 2128 sunt
497 2067 541 2129 ab
552 2066 671 2148 aliquo
681 2066 831 2131 illorum.
854 2067 1052 2132 Willelmus
1063 2088 1293 2142 comesurum,

1190 2152 1256 2184 count
1266 2146 1290 2185 oi

223 2162 267 2226 de
290 2165 473 2228 Moreteon
497 2165 741 2230 exhaeredatus
763 2173 818 2229 est
837 2166 880 2229 de
902 2173 977 2230 tota
997 2174 1089 2231 terra
1112 2187 1294 2241 suasionem,

222 2281 326 2341 quam
339 2262 507 2326 habuitin
517 2262 658 2344 Anglia.
711 2263 793 2328 Non
804 2264 905 2328 facile
916 2272 1032 2346 potest
1043 2269 1178 2330 narrari
1190 2244 1325 2332 iitiiiii

224 2360 365 2423 miseria
379 2379 483 2442 quam
502 2363 669 2426 sustinuit
685 2363 753 2425 isto
769 2370 923 2445 tempore
936 2371 1029 2426 terra
1042 2363 1177 2444 Anglo·
1190 2342 1333 2438 iiiiii·

223 2477 299 2519 rum
327 2468 470 2539 propter
493 2459 695 2522 exactiones
722 2462 846 2540 regias.
892 2459 1027 2542 Corpus
1053 2461 1175 2524 Sancti
1189 2441 1340 2528 ibiibi„

225 2555 410 2619 Cntbberti
427 2557 593 2638 episcopi,
609 2560 653 2621 ob
669 2560 885 2639 quorundam
899 2558 1176 2622 incredulitatem
1188 2538 1329 2628 iiiiicu‘h'

224 2656 404 2731 abbatum,
420 2655 647 2735 pontificante
670 2655 847 2719 Rannuifo
863 2658 1037 2738 episcopo,
1058 2665 1177 2721 osten·

223 2771 300 2814 sum
324 2762 389 2827 est,
413 2760 448 2815 et
473 2772 495 2816 a
516 2753 706 2834 Radulpho
730 2752 886 2818 Saiense¹
914 2756 1051 2828 abbate,
1075 2763 1176 2836 post·

222 2851 363 2914 modum
388 2850 557 2914 Hrofensi
582 2853 758 2934 episcopo,
785 2859 820 2915 et
843 2872 865 2914 a
885 2852 1051 2915 iratribus
1075 2854 1178 2915 Dun-

222 2948 411 3012 holmensis
434 2949 602 3025 ecclesiae,
618 2968 696 3012 cum
717 2950 830 3031 capite
851 2950 884 3013 S.
906 2949 1062 3012 Oswaidi
1082 2951 1176 3031 regis

221 3054 256 3109 et
283 3048 457 3129 martyris,
480 3048 660 3129 sanctique
678 3048 796 3123 Bedae,
820 3047 1075 3128 multorumque
1095 3067 1175 3112 san-

220 3152 356 3208 ctorum
373 3145 538 3226 reliquiis,
550 3153 645 3208 certo
663 3146 788 3209 indicio
805 3146 1042 3225 incorruptum
1054 3145 1176 3208 inven-

219 3251 294 3305 tum
321 3250 387 3318 est,
416 3250 587 3323 praesente
619 3241 821 3306 Alexandro
848 3244 983 3319 comite,
1018 3243 1171 3322 Eadgari

221 3343 314 3422 regis
341 3341 540 3404 Scottorum
562 3340 681 3415 fratre,
707 3348 829 3422 postea
855 3359 947 3421 rege.
994 3340 1064 3403 Hic
1092 3341 1176 3422 quia

220 3446 293 3501 tam
312 3446 443 3502 sanctae
462 3439 512 3500 rei
527 3439 594 3501 sibi
613 3439 712 3502 licuit
728 3440 905 3512 interesse,
943 3439 1034 3500 datis
1053 3458 1176 3519 quam-

219 3538 378 3617 plurimis
417 3538 543 3600 marcis
583 3537 659 3599 auri
690 3545 724 3599 et
760 3537 908 3616 argenti,
943 3537 1059 3616 parari
1092 3537 1175 3600 iecit

220 3636 397 3711 scrinium,
419 3637 453 3696 in
473 3654 542 3716 quo
562 3641 723 3697 sanctum
743 3652 880 3715 corpuS,
898 3622 998 3696 novis
1014 3634 1174 3696 indutum

222 3733 450 3806 vestimentis,
473 3733 659 3796 honorifice
676 3741 729 3796 est
747 3732 971 3796 reconditum.

270 3829 353 3892 Rex
394 3829 589 3908 Anglorum
634 3829 807 3892 Henricus
849 3830 1011 3891 transivit
1053 3847 1171 3901 mare3
1201 3859 1330 3899 mnu,

205 3939 235 4034 rs
490 4017 494 4020 ,

222 4057 245 4086 ·¹
265 4054 388 4117 Soterem]
407 4054 445 4104 of
454 4054 526 4103 Seez.
563 4054 611 4102 See
624 4052 743 4114 Lingard‚
755 4053 789 4101 Α.
801 4053 827 4101 S.
839 4051 951 4102 Cliurch.
964 4065 994 4102 11.
1008 4068 1033 4114 p.
1046 4057 1087 4103 74.
1099 4069 1151 4116 sqq.
