3074 4508
205 3843 271 3882 Louls

205 3893 260 3940 king
268 3903 281 3931 ο

373 325 436 388 100
625 339 873 388 οοΝτιΝυΑτιο
897 337 1071 414 canonici

372 494 427 556 sui
457 513 543 557 auro
567 495 802 575 praestantior.
856 492 1050 574 Imperialis
1075 499 1189 555 tamen
1213 491 1318 554 subli-

371 595 488 668 mitaS,
506 601 547 656 ut
564 593 708 675 dignum
730 601 766 658 et
783 595 919 676 justum
941 599 1006 667 est,
1023 592 1117 654 omni
1141 591 1244 671 regiae
1267 591 1318 652 di-

372 692 500 771 gnitati
523 701 670 773 praestat
686 694 720 754 in
745 693 914 757 omnibus.
966 691 1079 754 Ambo
1103 690 1226 754 Romae
1241 707 1322 751 con-

371 790 526 852 stituunt
541 791 724 872 episcopos
744 792 1003 872 episcoporum:
1029 788 1214 852 Lotharius
1232 785 1320 850 Gre-

372 887 509 966 gorinm
527 890 695 951 canonice
718 890 877 963 electum,
895 888 1069 968 Rogerius
1087 887 1193 950 Petro
1212 885 1320 948 Leoni

374 982 545 1047 Romanae
569 986 666 1048 urbis
689 987 861 1050 concessit
877 995 1055 1067 papatum.
1108 983 1239 1046 Verum
1257 984 1321 1048 bac

372 1083 463 1145 inter
489 1100 549 1143 eos
577 1082 791 1146 dissensione
815 1084 1038 1146 cardinalium
1061 1081 1260 1145 auctoritati
1288 1091 1322 1145 et

371 1180 602 1263 praesectoriae
619 1182 781 1261 dignitati
801 1181 1012 1261 displicente,
1028 1200 1144 1244 amore
1168 1181 1321 1261 pecuniae

372 1299 465 1343 nnnc
475 1278 686 1359 Gregorium
696 1281 731 1342 in
745 1280 841 1344 Petri
852 1279 1067 1360 expulsione,
1077 1298 1167 1341 nunc
1180 1279 1319 1342 Petrum

372 1380 408 1441 in
428 1379 592 1459 Gregorii
609 1380 821 1454 exclusione,
839 1379 874 1440 in
892 1378 1119 1459 apostolicam
1140 1377 1254 1440 sedem
1269 1398 1322 1441 re-

373 1477 519 1558 cipiunt.
571 1478 793 1542 Constitutus
822 1478 970 1558 deniqne
995 1495 1016 1540 a
1040 1476 1206 1540 Lothario
1234 1475 1322 1540 Gre-

373 1577 493 1653 gorius
533 1577 762 1658 apostolicam
799 1577 889 1655 regit
925 1577 1052 1638 sedem.
1122 1576 1261 1638 Electus
1300 1595 1322 1638 a

374 1671 543 1752 Rogerio,
569 1674 666 1736 velut
683 1675 773 1736 alter
795 1692 899 1754 papa,
919 1673 1100 1735 Lateranis
1124 1674 1214 1735 sedit
1230 1674 1319 1735 anti-

374 1770 434 1849 qui
449 1770 547 1834 Petri
560 1771 688 1834 Leonis
699 1771 847 1844 soboles
860 1769 987 1832 Petrus
998 1770 1088 1832 Leo:
1106 1789 1193 1851 quos
1208 1778 1321 1834 utros·

374 1887 442 1948 qne
459 1869 489 1931 si
508 1869 667 1933 stimulat
680 1868 861 1950 dignitatis
878 1869 1033 1943 ambiti0,
1047 1876 1169 1931 neuter
1181 1870 1320 1950 placens

374 1966 465 2030 Deo.
519 1968 609 2046 Quae
635 1987 714 2030 cum
737 1968 826 2030 finnt
840 1968 876 2030 in
894 1968 1031 2042 mundo,
1050 1968 1117 2030 Dei
1139 1975 1322 2032 servantur

369 2064 516 2146 judicic,
549 2066 651 2148 cujus
677 2067 813 2149 judicia
843 2067 991 2146 abyssus
1022 2066 1143 2130 multa.
1205 2065 1321 2129 Causa

373 2171 481 2226 tantae
504 2164 736 2240 dissensionis,
757 2164 792 2225 in
818 2162 931 2242 capite
954 2163 1107 2225 omnium
1130 2182 1193 2244 per
1205 2164 1322 2226 orbem

372 2261 600 2324 ecclesiarum
631 2259 896 2342 quamplurimis
923 2260 1023 2322 annis
1057 2260 1196 2335 habitae,
1229 2281 1322 2324 com·

372 2359 469 2420 muni
487 2359 684 2441 principum
700 2358 845 2422 consilio
860 2359 1026 2421 statuitur
1042 2358 1128 2434 dies,
1144 2377 1212 2439 quo
1233 2360 1324 2424 inter

373 2455 555 2520 Romanos
581 2469 616 2520 et
642 2455 853 2538 Apulienses
879 2455 1030 2519 duellum
1060 2456 1135 2533 fiat,
1163 2465 1199 2520 et
1226 2456 1322 2521 Deus

372 2553 618 2636 Omnipotens
637 2555 750 2637 judex
775 2555 939 2628 omnium,
961 2555 1017 2618 cui
1041 2555 1250 2635 disposuerit
1269 2558 1321 2620 vi·

372 2654 519 2716 ctoriam
543 2654 689 2716 tribuat.
752 2653 973 2732 congregato
997 2653 1150 2715 exercitu
1174 2653 1244 2716 fere
1270 2655 1322 2718 in·

373 2751 594 2826 numerabili,
611 2750 799 2814 Lotharius
813 2752 1012 2832 imperator,
1028 2751 1109 2812 licet
1122 2751 1322 2816 infirmitate

371 2850 521 2929 positus,
540 2856 809 2912 castrametatus
830 2849 933 2911 estin
956 2847 1096 2929 Apulia.
1148 2848 1323 2930 Rogerins

372 2946 560 3009 multorum
573 2947 720 3010 millium
730 2947 885 3028 peditum
896 2953 931 3010 et
941 2948 1095 3027 equitum
1104 2946 1322 3013 multitudine

372 3045 592 3125 constipatus
623 3047 783 3108 occurrit.
838 3045 1037 3126 Pugnatum
1068 3052 1121 3108 est
1150 3047 1321 3128 utrinque,

371 3142 450 3205 Deo
472 3152 592 3206 autem
617 3143 667 3206 sic
690 3144 916 3225 disponente3
940 3143 1129 3223 imperator
1147 3163 1226 3207 cum
1249 3147 1322 3209 suis

371 3242 515 3303 vincens
548 3241 753 3322 triumphat,
786 3241 960 3321 Rogerins
993 3260 1071 3304 cnm
1105 3241 1178 3304 suis
1209 3242 1323 3306 victus

370 3339 491 3420 fugam
505 3339 601 3417 iniit3
618 3340 673 3422 cuj
678 3359 719 3401 us
732 3340 829 3419 regia
843 3357 982 3415 corona,
996 3359 1100 3420 quam
1114 3341 1180 3403 sibi
1194 3339 1323 3404 fecerat

372 3444 413 3498 ut
426 3456 490 3498 rex
515 3445 753 3512 coronaretur,
769 3456 854 3500 auro
878 3445 912 3499 et
930 3439 1073 3517 gemmis
1094 3438 1254 3518 pretiosis
1269 3458 1323 3501 re·

373 3534 507 3609 dimita,
517 3541 552 3598 et
563 3536 692 3614 regalis
704 3535 825 3597 lancea
834 3553 919 3596 auro
931 3535 1147 3615 praefulgida,
1159 3536 1322 3600 insidiose

373 3639 489 3694 tamen
505 3641 655 3712 reperta,
667 3634 702 3694 in
719 3634 847 3695 donum
862 3633 1074 3713 acceptabile
1091 3634 1321 3715 imperatoriae

373 3731 524 3794 traditur
544 3732 782 3809 excellentiae3
807 3731 866 3812 qui
892 3730 1097 3810 repatrians,
1119 3753 1188 3795 non
1212 3733 1320 3797 multo

282 3843 327 3930 rvn,
372 3837 452 3909 post
478 3849 623 3910 regnum
649 3849 727 3892 cum
746 3831 820 3892 vita
847 3829 972 3891 amisit.
1024 3828 1232 3893 Ludowicus
1257 3850 1320 3893 rex

205 3943 338 3986 aalma
373 3927 588 3991 Francorum
609 3929 709 4004 obiit,
732 3929 787 3992 cui
803 3928 893 3990 filins
909 3946 992 3991 suus
1011 3927 1218 3991 Ludowicus
1241 3947 1321 3991 suc-

371 4026 487 4086 cessit.
554 4026 677 4088 Mense
712 4028 892 4089 Decembri
921 4046 982 4089 rex
1003 4024 1209 4106 ‘Anglorum
1243 4025 1321 4089 Ste-
