3074 4508
330 347 396 408 214
582 358 830 408 courmunrm
855 357 1029 405 onnorucr

335 516 504 589 Roberto,
523 513 688 578 Cantuar.
707 512 979 594 archiepiscopo,
1008 512 1042 573 in
1073 527 1187 589 regem
1206 504 1280 569 An-

333 616 415 694 gliae
433 615 661 685 sollemniter,
676 632 747 675 una
764 631 842 674 cum
860 612 993 692 regina,
1013 627 1120 672 uxore
1136 624 1212 680 sua,
1226 611 1280 667 est

334 721 533 777 coronatus.
576 711 654 772 Rex
673 711 831 773 Francius
847 710 949 773 duxit
965 710 999 772 in
1016 726 1159 772 uxorem
1176 706 1281 769 tiliam

335 807 667 887 ducisBurgundiae,
679 827 797 870 sorore
809 809 899 888 regis
910 809 1075 891 ejusdem,
1085 807 1159 871 vice
1170 821 1282 878 versa,

335 906 446 970 eidem
461 905 541 967 duci
556 905 593 967 iu
608 904 863 967 matrimonium
878 906 1074 987 conjuncta.

183 1023 312 1066 unna
386 1004 566 1076 Alienora,
591 1020 681 1065 uxor
706 1003 809 1082 regis,
832 1004 952 1082 regina
977 1004 1127 1084 Anglire,
1149 1002 1282 1083 peperit

170 1092 280 1189 ἓξὲξ,
336 1102 442 1164 filiam
466 1100 559 1181 apud
577 1099 826 1171 Windlesores,
849 1118 954 1180 quam
976 1100 1165 1164 nominavit
1188 1098 1285 1162 Illar-

171 1194 297 1287 R‘lpw,
337 1208 506 1281 garetam.
560 1197 775 1277 Margareta,
792 1199 912 1278 regina
926 1197 1063 1274 Scotiae,
1079 1206 1114 1261 et
1129 1197 1284 1272 Beatrix,

172 1287 304 1377 {mm
337 1298 514 1363 comitissa
544 1296 744 1370 Britanniae,
773 1297 852 1359 filiae
884 1296 975 1376 regis
1009 1295 1164 1370 Henrici,
1194 1294 1283 1358 diem

172 1384 315 1481 ffi‘ffssssl,
338 1398 540 1460 clauserunt
567 1403 771 1458 extremum.
826 1395 997 1458 Dominus
1022 1415 1082 1458 rex
1107 1403 1142 1457 et
1167 1393 1287 1474 regina

172 1485 296 1580 ξξὲξζῗξῃ
339 1501 509 1557 venerunt
532 1493 623 1574 apud
643 1493 809 1556 Sanctum
835 1494 1069 1570 Edmundum,
1093 1492 1288 1576 peregrina-

175 1584 241 1620 rnalro
250 1592 263 1618 u
272 1580 311 1628 pll-

174 1632 301 1679 ΜΝ
340 1594 444 1655 tionis
473 1611 591 1667 causa,
616 1608 677 1654 xv.
707 1591 776 1655 kal.
804 1593 891 1654 hlaii
916 1594 976 1672 [17
991 1593 1106 1674 Apr.],
1128 1599 1230 1673 prout
1250 1590 1286 1652 in

176 1681 305 1768 ffiffi',
341 1700 435 1752 terra
460 1697 630 1751 voverunt
650 1689 983 1770 Hierosolymitaua.
1037 1689 1106 1766 Qui
1132 1689 1287 1752 dominus

339 1804 416 1860 rex,
444 1786 588 1847 consilio
617 1804 681 1848 suo
710 1785 777 1848 hoc
805 1788 1031 1867 approbante,
1063 1794 1142 1867 post
1178 1785 1289 1847 muni·

340 1891 535 1946 mentorum
571 1883 723 1947 ecclesiae
759 1883 795 1949 S.
821 1883 995 1949 Edmundi
1031 1885 1289 1966 inspectionem,

341 1983 487 2045 liberam
502 1982 598 2044 visus
614 1981 763 2045 faciendi
778 1982 820 2046 de
839 1985 1007 2047 mensuris
1018 1990 1053 2046 et
1070 1982 1289 2065 ponderibus,

343 2082 476 2161 absque
514 2079 631 2161 aliquo
667 2080 903 2144 ministrorum
939 2100 1079 2145 suorum
1114 2082 1289 2156 interesse,

344 2179 500 2259 ejusdem
542 2177 609 2239 loci
646 2179 833 2239 conventui
872 2179 1043 2242 concessit
1081 2178 1292 2241 facultatem.

179 2295 290 2383 {lom
299 2292 325 2331 or
346 2274 444 2338 Obiit
453 2275 478 2338 J
480 2274 646 2348 ohannes,
657 2273 925 2338 Herefordensis
940 2277 1135 2357 episcopus,
1149 2274 1203 2338 cui
1213 2293 1292 2338 suc-

180 2390 333 2490 23·,³‚;¹¹T⁰{{?‘¹'
346 2373 451 2436 cessit
474 2373 641 2451 magister
657 2371 812 2435 Thomas
834 2372 878 2435 de
905 2372 1112 2456 ‚Cantelupo,
1139 2373 1293 2456 ejusdem

179 2491 307 2588 mm
346 2471 415 2534 loci
449 2470 647 2534 canonicus.
699 2469 889 2534 Loudoniis
919 2472 1060 2554 quidam
1098 2472 1141 2534 de
1176 2470 1294 2534 ordine

181 2589 264 2628 saur
346 2568 626 2650 praedicatorum,
661 2568 775 2631 dictus
812 2569 920 2633 frater
955 2570 1130 2633 Robertus
1158 2568 1200 2631 de
1224 2568 1295 2633 Re·

181 2639 284 2687 presciret

182 2688 307 2726 tumnw.
347 2666 489 2746 dingge,
512 2664 718 2746 praedicator
743 2667 905 2747 optimus,
927 2667 1115 2749 linguaque
1144 2666 1296 2729 Hebraea

347 2763 612 2837 eruditissimus
630 2766 857 2843 apostatavit,
873 2773 908 2827 et
924 2766 967 2827 ad
981 2765 1006 2828 J
1008 2765 1198 2827 udaismum
1216 2783 1296 2827 con·

348 2861 491 2935 volavit,
520 2868 626 2940 atque
648 2859 671 2922 J
676 2861 808 2924 udaeam
831 2861 961 2925 ducens
987 2881 1143 2936 uxorem,
1173 2879 1210 2924 se
1231 2861 1295 2924 cir·

349 2958 510 3033 cumeidi,
526 2965 632 3038 atque
649 2959 846 3039 Haggaeum
866 2959 949 3024 fecit
966 2960 1147 3024 nominari.
1182 2958 1296 3036 Quem

349 3057 557 3118 accercitum
572 3061 606 3118 et
620 3064 741 3119 contra
757 3058 870 3137 legem
886 3058 1117 3122 Christianam
1135 3057 1299 3120 audacter

350 3161 386 3215 et
413 3154 551 3233 publice
576 3154 811 3229 disserentem,
831 3175 894 3218 rex
922 3157 1180 3237 archiepiscopo
1206 3174 1299 3218 com-

184 3271 300 3309 laeron-
350 3252 528 3314 mendavit
570 3251 823 3315 Cautuariensi.
893 3254 1012 3317 Tertio
1043 3255 1090 3317 id.
1125 3253 1298 3334 Septemb.

186 3320 264 3368 qum
351 3349 410 3427 [ll
429 3349 542 3430 Sept]
568 3349 681 3412 factus
708 3359 760 3412 est
780 3358 880 3412 terrae
899 3359 1015 3414 motus
1040 3370 1187 3431 magnus
1212 3350 1302 3413 Lon·

350 3445 470 3520 donioe,
490 3455 525 3508 et
547 3447 618 3509 sere
647 3467 708 3527 per
733 3455 842 3510 totam
863 3447 1041 3528 Angliam,
1065 3449 1157 3512 circa
1180 3448 1301 3511 horam

185 3560 330 3648 mgna
351 3543 418 3604 diei
435 3545 585 3605 tertiam.
631 3545 819 3624 Magnetes
842 3544 1029 3625 Anglicani
1058 3554 1301 3608 concesserunt

185 3670 263 3747 penny.
350 3641 424 3719 regi
469 3641 801 3720 quintumdecimum
836 3642 1026 3707 denarium.
1095 3644 1302 3720 Lewelinus,

204 3709 301 3756 ewellyn.

184 3759 291 3852 mor
350 3739 512 3818 princeps
539 3738 689 3814 walliae,
718 3741 758 3802 fit
779 3740 916 3802 rebellis
942 3742 1015 3822 regi
1042 3740 1190 3822 Angliae.
1244 3742 1304 3805 In·

163 3857 305 3951 3334OE-
350 3835 497 3898 hibitum
528 3844 580 3899 est
598 3835 620 3898 J
627 3837 743 3912 uclaeis,
770 3858 830 3917 per
854 3847 965 3901 totum
993 3859 1134 3919 regnum
1157 3839 1302 3919 Angliae,

182 3954 335 4048 Bssdssssnssssd‘h‘
350 3954 393 3996 ne
420 3935 462 3997 de
489 3943 613 3998 caetero
648 3937 826 4016 pecuniam
850 3957 950 3999 suam
978 3937 1082 4000 alicui
1109 3937 1230 3999 darent
1258 3936 1301 3998 ad

349 4051 502 4105 usuram,
531 4034 589 4094 sed
619 4034 772 4096 viverent
797 4037 999 4098 mercaturis
1023 4036 1107 4108 suiS,
1132 4035 1243 4114 legem
1266 4034 1303 4095 iu
