3074 4508
335 323 380 384 54
665 336 667 341 ¹
712 336 921 384 cuaorucou

174 507 249 556 neno
337 510 456 556 omnes
486 500 602 557 autem
635 513 723 577 pene
755 493 1036 558 Normannorum
1061 491 1220 575 majores,
1245 494 1290 557 ad

174 557 264 594 invades

174 605 311 694 maffia
337 591 414 674 ejus
447 593 635 657 adventum
660 601 778 676 spreto
808 594 944 668 comite,
978 592 1116 655 domino
1146 611 1222 668 suo,
1254 601 1289 656 et

174 704 260 750 noum
337 690 405 755 fide
437 711 543 773 quam
570 693 601 756 ei
629 692 811 767 debebant,
838 693 873 755 in
900 710 1023 755 aurum
1048 698 1084 754 et
1108 698 1290 770 argentum

336 791 441 870 regis,
466 791 559 871 quod
579 791 654 873 ipse
677 790 720 854 de
744 789 873 871 Anglia
898 790 981 853 illuc
1001 795 1213 872 portaverat,
1233 808 1291 852 cu·

336 895 530 965 currerunt,
558 890 658 969 eique
680 897 807 965 castra,
829 890 1049 970 munitasque
1073 888 1233 952 civitates
1255 896 1291 953 et

173 995 312 1092 tffimd
336 985 441 1046 urbes
456 985 685 1049 tradiderunt.
724 986 791 1050 Ille
809 1006 891 1050 vero
913 988 1034 1064 Baius,
1050 986 1128 1049 cum
1142 985 1290 1049 ecclesia

174 1094 310 1133 mm0⁸³⁰·
337 1081 374 1145 S.
391 1081 528 1160 Mariae,
547 1101 624 1165 quae
646 1083 741 1146 intus
767 1093 853 1160 erat,
876 1086 1075 1161 combussit,
1091 1092 1125 1147 et
1142 1083 1288 1146 Cathum

175 1191 303 1290 ggffito
336 1181 437 1243 fratri
461 1200 525 1246 suo
552 1181 708 1258 abstulit,
729 1189 764 1245 et
786 1190 866 1263 post
886 1181 1050 1262 Angliam
1075 1182 1186 1258 rediit,
1207 1183 1291 1263 quia

274 1266 282 1282 ⁶
337 1278 592 1345 Normanniam
607 1281 673 1345 sibi
691 1287 801 1345 totam
816 1280 1006 1364 subjugare
1022 1280 1235 1361 nequiverat,
1250 1288 1291 1344 ut

336 1380 522 1461 copiosiori
544 1381 692 1462 pecunia
712 1381 830 1455 fretuS,
853 1379 988 1443 rediens
1006 1397 1097 1442 anno
1119 1380 1290 1459 sequenti,

335 1478 429 1558 quod
448 1479 623 1542 residuum
646 1485 733 1553 erat,
757 1478 979 1542 exhaeredato
1000 1477 1106 1542 fratre
1126 1496 1201 1554 suo,
1223 1479 1290 1540 sibi

335 1576 535 1658 subjiceret.
583 1577 709 1641 Comes
726 1576 923 1640 Willclmus
942 1576 985 1640 do
1003 1577 1196 1651 Moreteon,
1214 1578 1291 1638 ubi-

336 1692 474 1754 cunque
497 1676 623 1755 potuit,
646 1675 765 1737 nocuit
791 1675 894 1736 rebus
917 1683 952 1737 et
973 1674 1165 1737 hominibus
1187 1674 1290 1753 regis,

335 1779 479 1851 propter
487 1770 653 1834 honorem
664 1790 778 1847 suum,
787 1790 891 1851 quem
899 1771 1095 1852 perdiderat
1104 1773 1138 1833 in
1151 1770 1291 1852 Anglia.

185 1873 315 1912 A·1>·¹1⁰⁶·
382 1867 575 1931 Rotbertus
587 1887 702 1932 comes
718 1867 753 1931 N
756 1870 945 1932 ermanniae
955 1869 1101 1933 venitin
1112 1867 1290 1950 Angliam,

172 1939 284 2027 Elida
336 1974 377 2029 ut
414 1966 616 2048 loqueretur
655 1967 757 2032 fratri
787 1987 850 2032 suc
883 1967 1040 2031 Henrico
1070 1968 1154 2049 regi,
1187 1987 1289 2049 quem

173 2038 281 2086 ‘mm'
335 2063 468 2129 invenit
500 2066 591 2148 apud
620 2065 868 2129 Northamtun.
920 2065 1022 2129 Tunc
1051 2085 1166 2129 comes
1197 2084 1290 2146 quae·

335 2163 420 2225 sivit
447 2165 557 2226 abeo
580 2172 621 2227 ut
643 2163 802 2227 redderet
832 2163 899 2226 sibi
928 2181 971 2225 ea
999 2181 1078 2244 quae
1107 2172 1290 2242 acceperat

335 2278 441 2341 super
456 2261 586 2323 eumin
603 2259 638 2323 N
640 2261 841 2339 ormannia3
858 2260 923 2324 *cui
944 2279 1005 2322 rex
1022 2260 1137 2323 omnia
1153 2269 1291 2324 contra-

336 2356 446 2432 dixit;
488 2377 597 2439 quare
633 2378 749 2423 comes
788 2359 898 2422 iratus
933 2359 1086 2434 recessit,
1122 2366 1158 2421 et
1194 2378 1290 2422 mare

172 2458 319 2547 gandam
336 2456 508 2522 transivit.
562 2456 744 2539 Inprima
772 2465 888 2520 autem
910 2458 1104 2538 septimana
1128 2456 1288 2533 Quadra·

253 2602 256 2607 .
336 2555 490 2634 gemmae,
507 2571 555 2618 v1.
578 2555 676 2630 seria,
699 2571 778 2618 mv,
798 2554 868 2617 kal.
885 2555 1008 2618 Martii
1031 2555 1089 2635 [16
1116 2554 1230 2640 Feb.],
1253 2555 1288 2618 in

335 2671 495 2733 vespera,
519 2660 663 2716 ostensa
691 2660 745 2716 est
770 2652 928 2734 quaedam
952 2652 1094 2715 insolita
1115 2653 1229 2729 stella,
1254 2662 1290 2717 et

335 2769 399 2830 per
421 2766 514 2813 xxv,
529 2751 615 2826 dies,
634 2750 755 2815 eodem
775 2750 877 2814 modo
894 2750 1084 2832 eademque
1099 2750 1196 2827 hora,
1211 2751 1289 2815 visa

335 2856 390 2911 est
418 2847 534 2912 lucere
561 2849 652 2911 inter
677 2856 833 2912 austrum
862 2856 898 2911 et
925 2849 1151 2912 occidentem:
1180 2868 1290 2930 parva

335 2946 426 3006 enim
449 2947 526 3009 visa
549 2954 603 3009 est
626 2954 662 3009 et
689 2946 846 3021 obscura,
866 2948 934 3009 'sed
962 2945 1134 3028 splendor,
1155 2947 1216 3027 qui
1246 2947 1289 3010 de

335 3061 378 3104 ea
414 3045 537 3120 exivit,
560 3043 663 3106 valde
699 3051 775 3107 erat
805 3045 931 3118 clarus,
963 3052 998 3107 et
1036 3044 1136 3124 quasi
1165 3044 1288 3124 ingens

334 3142 452 3203 trabes
484 3142 527 3204 de
556 3141 717 3204 orientali
744 3149 780 3204 et
812 3140 1001 3222 aquilonali
1026 3148 1124 3220 parte
1148 3141 1289 3205 claritas

332 3238 479 3318 ingessit
494 3259 531 3302 sc
546 3240 582 3301 in
599 3239 744 3302 eandem
761 3239 911 3302 stellam.
965 3238 1113 3315 Quidam
1128 3239 1290 3303 dixerunt

333 3355 371 3398 se
388 3336 505 3417 plnres
523 3338 682 3402 insolitas
699 3338 818 3400 stellas
833 3356 874 3400 eo
893 3345 1048 3417 tempore
1065 3337 1203 3399 vidisse.
1243 3337 1288 3399 In

170 3438 221 3477 Μ
230 3448 313 3479 ¹¹¹00112·
336 3432 448 3497 Coena
468 3444 584 3498 autem
605 3435 747 3497 Domini
762 3442 863 3498 nocte
879 3436 963 3498 visae
986 3441 1067 3496 sunt
1088 3434 1166 3496 duae
1182 3433 1289 3511 lunae,

334 3531 440 3612 paulo
464 3540 546 3596 anto
570 3533 672 3607 diem,
695 3551 765 3594 una
788 3533 989 3607 inoriente,
1011 3531 1120 3594 altera
1138 3533 1174 3594 in
1198 3533 1288 3596 occi·

334 3629 449 3706 dente,
473 3637 508 3692 et
527 3638 675 3710 utraque
696 3630 812 3711 plena,
828 3637 862 3692 et
879 3637 955 3692 erat
970 3647 1010 3692 eo
1027 3630 1081 3692 die
1097 3645 1175 3692 Χιν.
1193 3630 1288 3695 luna.

335 3727 416 3804 Quo
443 3747 534 3791 anno
561 3728 656 3791 facta
677 3735 731 3790 est
757 3728 859 3790 nimis
885 3729 1090 3791 execrabilis
1111 3731 1288 3793 contentio

332 3825 425 3888 inter
449 3826 693 3906 imperatorem
717 3826 759 3888 dc
783 3824 991 3889 Alemannia
1012 3834 1048 3890 et
1069 3827 1177 3889 filium
1201 3828 1287 3910 ejus.

166 3928 310 4016 ssgggyfflln
333 3923 415 3986 Rex
431 3923 628 4004 Anglorum
645 3923 843 4000 Heinricus,
866 3933 947 3988 ante
970 3923 1169 4006 Augustum
1193 3944 1287 3987 men·

167 4026 298 4075 N0¹¹1¹⁸¹²dt=
330 4040 403 4084 sem
428 4024 589 4086 transivit
611 4041 718 4098 mare,
739 4023 869 4086 vadens
895 4025 930 4085 in
952 4022 1214 4096 Normanniam,
1231 4024 1287 4085 cui
