3074 4508
488 341 680 388 rnonsnru
706 341 990 390 ivroonninnms.
1178 328 1222 390 89

313 497 546 575 Thurstanus,
563 499 793 562 Eboracensis
817 499 1114 580 archiepiscopus
1134 499 1224 563 Rot·
1246 521 1372 561 annin

262 597 412 674 bertum,
440 617 544 678 quem
566 596 779 671 Alexander,
802 617 866 662 rex
888 597 1044 674 Scottiae‚
1066 598 1223 662 ecclesiae
1236 586 1386 685 ἷιξξῗξῗωι

265 692 300 756 S
331 695 483 760 Andreae
509 697 710 772 intruserat,
731 705 873 779 petente
903 695 1018 759 David
1047 697 1154 760 fratre
1182 693 1392 802 acffssffiff',

263 811 464 858 successore
502 795 708 871 Alexandri,
749 796 786 858 in
826 796 1027 876 episcopum
1073 785 1388 860 Eboraci⁸¹·*¹¹⁶¹²'⁵·

264 895 504 967 consecravit;
544 895 579 956 in
611 912 680 974 quo
711 892 833 957 officio
856 892 1085 968 Rannulsum,
1119 895 1221 958 Dun-

262 989 473 1054 holmensem
490 993 701 1072 episcopum,
717 1000 753 1053 et
769 991 939 1073 quendam
956 992 1160 1066 Radulsum,
1177 995 1220 1057 ad
1235 1010 1345 1059 ornant

263 1087 420 1152 Orcadas
436 1089 594 1152 insulas
580 1109 655 1170 Jam
673 1091 757 1153 olim
787 1090 989 1170 episcopum
1007 1092 1221 1169 ordinatum,
1235 1061 1350 1159 hadad?

237 1188 326 1260 ‚sibi
355 1189 534 1270 adjutores
566 1190 747 1253 asciverat
814 1187 885 1266 Qui
915 1188 1104 1266 Radulfus,
1132 1211 1220 1270 quo·

262 1285 353 1347 niam
386 1306 448 1350 nec
473 1289 637 1369 principis
661 1294 776 1363 terrae,
808 1307 871 1351 nec
898 1288 993 1364 cleri,
1019 1307 1081 1351 nec
1108 1290 1219 1370 plebis

259 1384 429 1448 electione
455 1386 510 1448 vel
530 1406 673 1449 assensu
692 1387 805 1451 fuerat
825 1387 1016 1460 ordinatus,
1044 1389 1087 1449 ab
1111 1391 1219 1451 omni-

260 1483 325 1544 bus
342 1482 514 1547 refutatus
537 1493 571 1546 et
594 1485 629 1546 in
649 1484 726 1547 loco
751 1483 923 1565 pontificis
946 1504 968 1547 a
991 1487 1125 1547 nemine
1141 1507 1218 1549 sus-

259 1591 381 1662 ceptus
403 1591 490 1645 erat.
544 1581 625 1657 Hic,
654 1583 737 1663 quia
758 1582 887 1645 nullius
908 1584 1091 1664 episcopus
1110 1587 1218 1662 urbis,

262 1681 363 1744 modo
389 1682 600 1744 Eboracensi
621 1681 724 1744 modo
748 1681 1002 1745 Dunholmensi
1024 1683 1218 1759 adhaerens

260 1781 303 1840 ab
322 1781 371 1841 eis
387 1782 663 1853 sustentabatur,
680 1788 715 1843 et
731 1781 882 1842 vicarius
898 1781 1079 1860 utriusque
1096 1781 1131 1842 in
1147 1784 1218 1863 epi·

259 1879 457 1958 scopalibus
479 1879 676 1941 ministeriis
697 1879 901 1941 habebatur.
954 1877 1011 1941 Ab
1027 1878 1081 1941 his
1096 1879 1217 1960 itaque

260 1974 454 2039 Rotbertus
482 1984 716 2051 consecratus,
746 1975 888 2051 nullam,
911 1984 951 2038 ut
976 1976 1114 2052 dicitur,
1136 1997 1217 2058 pro·
1258 2045 1264 2053 ,

257 2073 443 2137 fessionenr
468 2074 511 2136 de
537 2074 661 2154 quavis
692 2073 911 2154 subjectione
935 2073 991 2136 vel
1019 2074 1217 2139 obedientia

209 2189 214 2200 ¹
258 2173 413 2236 ecclesiae
454 2173 665 2235 Eboracensi
705 2179 768 2234 aut
806 2171 883 2253 ejus
916 2172 1071 2254 pontifici
1103 2172 1218 2237 facere

257 2271 447 2352 permissus
465 2290 487 2332 a
502 2270 630 2334 Scottis
648 2276 713 2345 est,
729 2270 813 2333 licet
830 2271 1059 2333 Eboracensis
1076 2273 1215 2334 canoni-

257 2388 319 2431 cus
342 2369 458 2431 suerit.
521 2366 672 2446 Quidam
702 2368 857 2431 ecclesiae
884 2366 1126 2448 Lugdunensis
1155 2388 1214 2432 ca·
1228 2382 1311 2422 cusan

1227 2432 1298 2470 raised
1307 2436 1329 2470 to

257 2467 414 2540 nonicus,
431 2466 485 2529 vir
502 2467 630 2546 probus
656 2472 691 2527 et
713 2465 935 2546 grandaevus,
952 2466 1083 2528 electus
1100 2475 1154 2529 est
1169 2469 1214 2530 ad
1227 2481 1272 2569 {11⁰2
1272 2493 1323 2570 ἐξ
1318 2483 1343 2520 or

254 2565 495 2646 pontificatum
529 2563 683 2628 ecclesiae
716 2562 995 2642 Lundoniensis3
1030 2562 1213 2628 defunctus

255 2663 426 2744 siquidem
450 2661 565 2725 suerat
591 2661 778 2737 Ricardus,
794 2656 947 2744 ejusdem
972 2662 1125 2726 civitatis
1151 2683 1213 2726 an·

255 2762 379 2838 tistes3
420 2768 456 2824 et
487 2762 565 2837 iste,
593 2757 793 2824 Gilebertus
828 2761 976 2835 nomine,
1007 2763 1213 2841 cognomine

246 2879 338 2923 vero
362 2859 590 2934 Universalis,
610 2859 688 2920 loco
712 2857 807 2920 illius
827 2877 850 2920 a·
874 2877 957 2938 rege
982 2858 1150 2922 Heinrico
1177 2868 1214 2923 et

253 2958 433 3021 Willelmo
445 2957 716 3037 archiepiscopo,
732 2963 907 3019 annuente
917 2955 1009 3018 clero
1022 2963 1058 3018 et
1069 2957 1213 3037 populo,

253 3058 464 3119 substitutus
480 3063 565 3118 erat.
619 3053 786 3117 Sacratus
801 3061 855 3117 est
872 3049 988 3117 autem
1002 3052 1213 3118 Cantwariae

253 3157 297 3218 ab
319 3156 396 3236 ipso
420 3154 680 3234 archiepiscopo
703 3153 738 3214 in
760 3159 871 3215 matre
890 3152 1047 3226 ecclesia,
1066 3169 1122 3215 ιιι.
1138 3152 1210 3217 kal.

256 3253 358 3315 Febr.
379 3252 440 3333 [22
458 3252 480 3316 J
484 3252 570 3332 an.],
592 3251 647 3314 die
672 3250 871 3326 Dominica,
889 3251 1156 3331 cooperantibus
1177 3260 1212 3316 et

253 3350 532 3413 ministrantibus
561 3350 626 3412 sibi
653 3349 688 3410 in
719 3346 785 3410 hoc
810 3347 935 3422 officio,
964 3347 1112 3411 Seifrido
1141 3351 1213 3429 epi-

253 3468 358 3529 scopo
375 3448 595 3523 Cicestrensi,
613 3453 648 3509 et
662 3446 685 3510 J
689 3464 803 3508 oanne
827 3445 1009 3520 Hrofensi,
1032 3448 1096 3508 sub
1123 3467 1213 3526 prae-

252 3550 365 3609 sentia
381 3548 547 3609 abbatum
563 3554 598 3609 et
614 3545 760 3607 aliarum
777 3563 981 3625 magnarum
998 3551 1033 3606 et
1050 3545 1210 3608 honesta-

252 3665 329 3706 rum
355 3663 583 3725 personarum
607 3662 671 3724 pro
693 3643 759 3705 hoe
786 3643 863 3724 ipso
889 3642 1099 3706 Cantwariae
1128 3662 1212 3706 con-

254 3744 477 3817 venientium,
498 3749 663 3823 suscepta
687 3742 783 3823 prius
800 3744 843 3804 ab
862 3759 903 3803 eo
921 3740 1147 3822 professione,
1167 3761 1211 3803 ex

251 3861 347 3904 more
359 3849 617 3903 antecessorum
633 3858 786 3911 suorum,
803 3857 920 3918 quase
937 3838 989 3899 illi
1002 3845 1037 3900 et
1053 3839 1211 3900 omnibus

251 3940 512 4002 successoribus
545 3937 619 4018 ejus
649 3936 852 3998 canonicam
890 3936 1140 4016 subJectionem
1177 3944 1212 3998 et

250 4040 481 4102 obedientiam
501 4057 562 4119 per
574 4035 689 4099 omnia
702 4033 937 4097 exhibiturum
953 4033 1026 4096 fore
1042 4033 1210 4113 promisit.
