3074 4508
439 365 630 413 rnonmvrn
656 365 935 415 vvroonrunusrs.
1100 352 1166 415 273

218 517 454 584 cisterciensis
480 523 645 586 advitam
674 524 884 605 migraverat
910 522 1164 601 heremeticam,

216 624 318 682 aetate
348 622 563 684 centenarius
589 629 623 685 et
649 621 755 697 ultra,
786 622 821 684 in
852 623 1004 685 crastino
1031 623 1163 685 Trans-

217 715 354 780 lationis
380 719 415 783 S.
433 720 576 783 Martini
607 716 647 809 [5
664 713 769 806 Jul.],
795 721 884 802 apud
910 719 1106 796 Petusium,
1129 723 1164 785 in

216 833 385 879 summum
424 819 619 901 pontificem
658 827 711 882 est
750 821 903 893 electus;
946 830 1026 883 ante
1065 821 1164 903 cujus

217 914 417 980 electionem
458 925 642 981 vacaverat
686 918 785 982 sedes
830 919 1020 1000 apostolica
1064 919 1164 982 annis

220 1006 419 1104 [duobus],l
451 1017 623 1080 mensibus
655 1018 776 1093 tribus,
801 1026 835 1081 et
867 1018 987 1079 diebus
1019 1036 1163 1096 novem;

217 1111 397 1196 dictusque
427 1125 480 1179 est
518 1115 729 1180 Caelestinus
763 1115 808 1180 V.
862 1115 931 1193 Qui
969 1116 1078 1198 pridie
1118 1117 1163 1179 id.

215 1208 425 1292 Septembris
458 1209 520 1302 [12
535 1210 650 1302 Sept]
686 1222 919 1292 consecratus,
953 1215 1166 1278 sollemniter

217 1318 269 1372 est
285 1311 549 1377 inthronizatus.
604 1313 729 1376 Fames
752 1323 787 1377 et
809 1315 926 1396 inopia
948 1315 1164 1396 praegrandis
1177 1336 1318 1376 ariminen

216 1426 276 1487 per
305 1419 414 1474 totam
435 1412 612 1494 Angliam.
666 1412 889 1489 Quarterium
917 1432 1065 1494 namque
1092 1386 1285 1476 f1·u·E”⁸¹³¹¹⁶'

217 1510 334 1583 menti,
365 1513 455 1591 quod
480 1514 542 1574 vix
565 1524 600 1574 et
623 1510 806 1573 difficulter
838 1511 1089 1585 inveniebatur,
1120 1513 1162 1574 ad

216 1622 322 1668 xxiv.
357 1610 456 1672 solid.
491 1629 551 1692 per
583 1609 701 1690 aliqua
733 1610 810 1672 loca
835 1609 1069 1687 vendebatur3
1103 1612 1164 1673 sed

216 1714 250 1766 et
277 1709 403 1770 mensis
428 1709 580 1790 Augusti
607 1729 685 1771 cum
715 1707 909 1791 Septembri
932 1710 1165 1791 subsequente

215 1804 249 1865 in
297 1814 366 1868 tam
415 1809 578 1870 imbribus
619 1809 791 1870 continuis
828 1807 986 1869 madidus
1024 1807 1090 1869 fuir
1129 1819 1164 1871 et

215 1902 406 1982 pluviosus
431 1906 521 1988 quod
550 1926 660 1987 usque
691 1905 733 1968 ad
763 1905 890 1967 festum
919 1904 954 1967 S.
979 1904 1163 1969 Michaelis

218 1995 409 2090 [29Sept.]
452 2023 572 2086 parum
613 2013 675 2066 aut
714 2003 797 2064 nihil
839 2003 881 2065 de
921 2022 1012 2066 novo
1053 2022 1162 2084 grano

215 2101 330 2178 potuit
369 2103 522 2183 reperiri.
585 2101 666 2165 Rex
704 2099 842 2182 Angliae
880 2103 1060 2164 universas
1100 2122 1163 2183 per
1176 2125 1286 2164 runnu·

214 2204 320 2260 totam
358 2201 523 2281 Angliam
563 2199 802 2282 religiosorum
841 2199 961 2263 domos
1000 2200 1163 2281 capitulis
1176 2177 1288 2283 iiiiii?

214 2299 451 2362 transmarinis
481 2299 667 2383 subjectas
683 2318 758 2362 curn
788 2317 904 2362 eorum
930 2298 1031 2361 bonis
1053 2274 1328 2363 unde-iiiiismm

213 2412 347 2476 cunque
370 2397 650 2478 provenientibus
666 2397 702 2459 in
717 2416 820 2460 manu
838 2416 901 2459 sua
918 2398 1031 2479 cepit:
1057 2405 1163 2478 atque

214 2495 399 2557 earundem
440 2515 524 2559 cura
561 2496 727 2558 ministris
770 2504 804 2558 et
842 2495 1043 2559 custodibus
1090 2497 1164 2558 suis

213 2594 463 2669 commendata,
505 2592 674 2674 religiosis
713 2613 774 2675 per
810 2594 904 2674 ipsas
947 2593 1067 2656 domos
1104 2593 1163 2656 de-

212 2691 372 2768 gentibus
388 2700 516 2755 certum
539 2691 720 2754 constituit
739 2710 924 2754 annonam.
964 2689 1164 2767 Quoddam²

212 2791 507 2868 superabundavit
523 2790 718 2872 sumptibus
733 2808 806 2852 suae
820 2808 953 2869 guerrae
970 2789 1162 2870 deputavit.

212 2883 459 2951 cistercienses
487 2896 602 2951 tamen
631 2907 735 2969 super
758 2887 822 2950 hoc
849 2906 917 2950 non
949 2886 1163 2964 sollicitavit,

213 2981 498 3048 cluniacensibus
522 2986 660 3067 quidem
684 2985 1077 3048 praemonstratensibus
1101 2994 1163 3049 aut

212 3081 288 3144 aliis
331 3086 595 3165 quibuscunque
635 3103 702 3146 non
741 3084 907 3165 pepercit,
942 3083 1001 3144 sed
1043 3102 1160 3146 eorum

209 3180 308 3242 bonis
341 3184 457 3245 taliter
485 3182 695 3257 confiscatiS,
724 3183 759 3244 in
790 3183 934 3244 tristitia
964 3200 1023 3243 eos
1044 3182 1163 3242 vivere

211 3280 388 3360 compulit,
412 3289 569 3361 egestate
593 3287 628 3343 et
651 3299 809 3342 moerore.
868 3278 1016 3360 Insuper
1043 3298 1163 3341 omnes

209 3380 392 3456 pensiones
431 3398 575 3453 annuas,
613 3379 685 3440 suis
724 3377 971 3458 principalibus
1004 3376 1162 3438 domibus

209 3478 388 3538 annuatim
430 3477 576 3551 debitas,
618 3476 660 3538 ad
693 3496 794 3538 suum
827 3475 1025 3537 thesaurum
1055 3474 1162 3555 jussit

208 3572 395 3652 deportari.
450 3575 548 3637 Idem
589 3593 652 3636 rex
690 3575 920 3656 parlament0‚
961 3573 1015 3634 die
1053 3579 1087 3634 et
1127 3573 1329 3682 inpgaqeqann

208 3674 360 3735 crastino
378 3672 415 3735 S.
433 3673 617 3735 Michaelis
638 3673 709 3753 [29,
725 3673 768 3735 30
785 3668 911 3754 Sept.],
936 3671 1027 3753 apud
1044 3669 1164 3732 West-
1175 3695 1303 3732 nnum-

1176 3754 1231 3781 nues
1242 3744 1298 3781 from

207 3771 454 3832 monasterium
495 3771 624 3843 habito,
667 3779 739 3832 tum
777 3769 947 3851 precibus,
986 3776 1061 3829 tum
1102 3786 1299 3840 erc-vvesen.

206 3869 475 3943 hortationibus
494 3876 567 3929 tum
592 3869 698 3930 etiam
722 3866 1049 3929 comminationibus
1073 3883 1162 3945 prae·

244 4095 249 4124 ¹
269 4061 390 4156 naara]
411 4093 547 4142 caseon
560 4093 616 4142 rus.
678 4089 682 4160 ι
729 4087 739 4116 ²
760 4090 905 4152 ochran]
918 4090 961 4138 sa
974 4089 1031 4137 ms.

255 4212 340 4257 ron.
362 4209 399 4254 n.
990 4205 1012 4249 φ
