3074 4508
443 330 635 378 nnonnuru
662 331 944 380 wmoarusrvsrs.
1105 321 1171 384 121

215 486 338 566 grandi
361 488 549 549 comitante
576 487 743 563 exercitu,
768 488 811 551 de
841 488 1075 553 oxenefordia
1092 491 1166 556 Wi-
1182 513 1277 562 sapien

216 605 359 665 gornam
375 588 481 662 venit,
498 586 598 669 cujus
622 587 665 649 de
685 586 875 651 infortunio
896 589 988 669 quod
1012 569 1309 654 audieratliile‘e‘lta.

216 685 324 747 oculis
342 686 430 748 vidit
458 694 493 748 et
518 685 677 749 indoluit.
733 685 805 749 Ubi
836 704 890 751 111.
914 688 968 751 vel
992 704 1024 749 v.
1047 689 1169 752 diebus

216 790 381 857 moratus,
417 785 504 864 regii
533 783 797 849 constabulatns
838 786 1002 850 honorem
1043 786 1170 851 Miloni

217 881 475 945 Glaocestrensi
499 872 563 945 suo
586 882 679 945 hosti
700 884 869 960 ablatum,
885 884 1074 961 Willelmo,
1099 886 1169 949 filio
1182 903 1315 944 nnuma·

216 980 365 1043 Walteri
383 980 425 1042 de
443 981 543 1043 Bello
561 979 705 1062 Campo,
722 982 945 1062 wigornensi
963 985 1170 1061 vicecomiti,
1182 954 1321 1044 fi‘fifflp

216 1079 320 1141 dedit.
373 1079 484 1142 Fama
505 1080 646 1142 volante
669 1080 773 1161 regiae
790 1081 965 1165 majestati
986 1054 1254 1147 nunciatur'‘²b¹⁸'

215 1177 370 1240 inimicos
404 1197 499 1253 suos,
517 1177 647 1260 juratae
678 1179 817 1263 quidem
850 1181 946 1262 pacis
969 1181 1169 1258 violatores,

218 1276 460 1340 Herefordiam
489 1278 672 1353 invasisse,
698 1282 946 1343 monasterium
975 1281 1010 1343 S.
1036 1282 1170 1345 AEthel·

216 1376 305 1438 berti
336 1377 428 1457 regis
461 1384 496 1439 et
529 1377 717 1460 martyris,¹
753 1379 850 1440 velut
881 1381 917 1442 in
951 1379 1168 1442 castellinum

216 1476 388 1536 munimen
421 1475 647 1555 penetrasse.²
704 1474 807 1538 Unde
838 1495 900 1538 rex
933 1476 994 1539 illo
1024 1496 1168 1541 movens

217 1574 484 1654 expeditionem,
517 1574 610 1653 apud
653 1592 796 1653 parvam
833 1573 1077 1638 Heresordiam
1113 1579 1168 1641 vel

216 1673 306 1752 apud
340 1672 465 1735 Leonis
497 1671 762 1736 monasterium³
792 1682 1061 1738 castrametatus
1092 1684 1165 1748 est;

217 1774 274 1834 ubi
301 1773 441 1853 quidam
474 1791 519 1834 ex
550 1771 708 1834 consulto
735 1772 811 1852 regi
840 1772 1041 1835 fidelitatem
1069 1774 1169 1856 jura-

215 1879 358 1942 verunt3
388 1870 530 1951 quidam
559 1878 752 1945 renuentes
777 1871 843 1934 hoc
865 1872 940 1950 regi
961 1872 1166 1947 intulerunt,

215 1967 273 2030 ‘Si
299 1988 367 2030 non
389 1968 604 2050 juramento,
626 1967 745 2030 credat
769 1987 846 2043 rex,
868 1969 899 2030 si
925 1969 1022 2046 velit,
1042 1970 1166 2034 saltem

215 2065 373 2129 fidelibus
396 2066 510 2130 verbis
540 2065 693 2128 nostris'
746 2064 921 2142 Quoniam
944 2085 1026 2130 vero
1055 2068 1166 2131 insta·

213 2166 298 2229 bant
315 2166 474 2229 solennes
492 2165 566 2227 dies
585 2164 759 2229 Dominici
778 2164 962 2228 Adventus
986 2165 1024 2246 [3
1046 2165 1166 2247 Dec.],

215 2266 376 2346 utrinque
391 2265 524 2327 dextris
539 2262 631 2326 datis
646 2263 690 2325 ad
712 2269 862 2344 tempus,
878 2283 942 2326 rex
960 2263 1166 2346 Wigornam

215 2362 326 2436 rediit,
344 2363 403 2424 ubi
426 2362 565 2444 quidam
584 2361 742 2436 clericuS,
760 2363 812 2424 vir
825 2362 963 2424 eximiae
978 2364 1166 2442 religionis,
1178 2400 1276 2438 Mum„

217 2459 407 2523 Mauricius
432 2460 582 2534 nomine,
610 2459 739 2522 electus
763 2478 785 2521 a
800 2460 905 2524 clero
922 2468 969 2524 -et
993 2479 1014 2523 a
1036 2462 1167 2543 populo
1177 2451 1302 2549 {}⁰{2⁰,‘¹,2¹,’2

215 2558 454 2639 Bangornensi
483 2556 652 2633 ecclesiae,
680 2557 927 2621 comitantibus
954 2559 1051 2621 illum
1077 2579 1168 2641 prae-

213 2657 346 2720 sulibus
373 2657 546 2721 Rotberto
577 2654 826 2719 Herefordensi
854 2664 890 2720 et
914 2657 1083 2738 Sigefrido
1109 2657 1168 2721 ci-

214 2757 391 2832 cestrensi,
407 2757 443 2818 in
467 2755 612 2818 castello
635 2755 709 2836 regi
731 2762 977 2835 praesentatur,
996 2763 1166 2819 attestan-

214 2854 305 2916 tibus
339 2853 437 2918 illum
471 2854 638 2917 canonice
672 2852 821 2915 electum
861 2853 1052 2935 praesulatu
1092 2854 1167 2918 fore

214 2952 366 3032 dignum.
421 2952 523 3030 Quod
547 2958 583 3014 et
600 2969 664 3012 rex
691 2952 872 3014 concessit.
927 2951 1123 3014 Persuasus
1145 2971 1167 3015 a

213 3051 433 3130 pontificibus
448 3059 488 3114 ut
506 3051 580 3130 regi
595 3048 797 3112 fidelitatem
818 3048 961 3124 faceret,
977 3050 1167 3130 respondit,

213 3148 278 3212 hoc
305 3169 342 3212 se
371 3150 570 3211 nullatenus
596 3165 699 3228 posse
727 3146 852 3210 facere.
906 3145 1017 3223 ‘Vir,’
1040 3149 1167 3228 inquit,

212 3253 371 3328 ‘magnae
387 3247 563 3327 religionis
590 3245 682 3326 apud
706 3263 769 3307 nos
795 3253 861 3320 est,
879 3265 982 3325 quem
1005 3264 1069 3326 pro
1095 3247 1166 3326 spi-

212 3345 328 3408 rituali
352 3353 451 3427 patre
475 3351 586 3419 teneo,
611 3352 646 3407 et
668 3343 933 3424 praedecessoris
959 3345 1024 3406 mei
1051 3344 1167 3407 David

248 3570 254 3599 ¹
272 3573 413 3635 Martyris]
432 3573 513 3620 Immo
520 3575 615 3619 sanctae
625 3568 676 3617 Dei
704 3568 816 3616 fidelium
834 3582 940 3627 corpora
957 3566 1095 3615 crudeliter
1108 3565 1169 3613 effo-

211 3643 340 3703 genitricis
352 3643 454 3691 Mariae.
472 3644 539 3690 Add.
551 3641 611 3689 edit.
702 3638 780 3686 disse.
835 3637 904 3685 Hinc
921 3637 1034 3697 eJ'usdem
1053 3635 1170 3682 ecclesia

703 3706 817 3766 pontifex
828 3706 980 3754 venerabilis
992 3705 1108 3752 turbatur
1120 3703 1172 3749 Ro·

247 3777 256 3806 ²
272 3779 435 3841 Pareat-asse]
448 3780 547 3838 Agente
557 3776 676 3826 Galsrido
703 3776 799 3833 bertus,
811 3776 928 3822 turbatur
939 3779 965 3821 et
976 3774 1059 3821 clerus
1071 3772 1172 3818 univer·

211 3850 243 3898 de
274 3849 389 3908 Talebot,
425 3850 552 3908 ingressos
585 3845 676 3903 tuisse,
703 3858 757 3901 sus,
769 3845 886 3891 turbatur
898 3856 998 3904 quoque
1012 3855 1066 3888 rex.
1103 3840 1170 3886 Add.

210 3932 340 3978 equosque
359 3931 419 3964 suos
436 3917 462 3962 in
481 3917 539 3975 ipsa
557 3913 676 3971 ecclesia,
703 3912 762 3958 edit.

208 3989 283 4048 quasi
294 3988 320 4034 in
338 3986 447 4046 stabulo,
459 3985 607 4041 collocasse,
620 3995 676 4041 per·
739 3980 749 4008 ³
767 3980 856 4028 Leonis
879 3977 1067 4040 vnotrastert'um]
1106 3977 1170 4025 Leo·

207 4071 257 4116 que
269 4057 435 4104 coemiterium
448 4055 517 4103 fossa
528 4051 677 4101 transducta
702 4049 815 4097 minster.
