3074 4508
381 331 384 335 ’
435 340 629 386 rnonnnrn
657 339 936 386 wrconursusrs,
1119 324 1163 385 69

208 492 347 572 Angliae
366 493 555 557 Heinricus
576 495 783 575 particulam
805 494 848 556 de
873 501 965 556 terra
984 495 1162 573 patrissui

208 592 239 652 ei
255 591 330 654 dari
339 593 461 655 noluit.
514 591 710 656 Conventio
726 594 931 674 optimatum
944 600 979 655 et
995 593 1161 655 baronum
1173 606 1327 695 megan

208 691 316 752 totius
347 690 487 770 Angliae
519 691 612 772 apud
645 691 893 773 Selesbyriam,
909 707 986 754 xlv.
1020 689 1295 764 kalendnonareat

208 788 341 867 Aprilis
376 786 436 872 [19
462 790 581 866 lllar.]‚
615 790 709 852 facta
738 800 802 864 est,
832 792 891 871 qui
917 792 951 851 in
977 791 1162 871 praesentia
1174 757 1290 802 mm

208 888 300 966 regis
339 886 498 950 Heinrici
536 887 735 968 homagium
777 888 849 951 filio
888 907 952 951 suo
985 887 1160 950 Willelmo

207 984 375 1062 fecerunt,
402 995 437 1048 et
462 986 664 1049 fidelitatem
689 987 721 1049 ei
742 987 962 1069 juraverunt.
1026 985 1161 1050 Habita
1174 1000 1299 1039 bramton

1173 1053 1269 1089 between

209 1092 264 1145 est
284 1084 331 1145 ibi
351 1104 458 1148 causa
480 1085 522 1147 de
543 1085 698 1166 querela,
716 1105 795 1167 quoe
819 1086 908 1147 inter
931 1084 1329 1197 ³l0h10Pl⁵⁰⁰·gg¹¹}llfgssg⁰s

209 1201 291 1261 pum
308 1180 603 1246 Cantwariensem
622 1184 813 1247 Radulsum
829 1194 864 1245 et
884 1184 1030 1246 electum
1044 1185 1159 1264 ponti·
1173 1200 1313 1287 stratigo-f

210 1280 308 1341 ficem
340 1280 595 1344 Eboracensem
626 1283 865 1346 Thurstanum
896 1301 957 1362 per
988 1282 1160 1361 integrum
1174 1259 1244 1337 hilf·
1258 1259 1301 1296 Μ

209 1397 340 1440 annum
370 1389 512 1443 versata
545 1381 670 1443 fuerat.
725 1380 797 1441 Hic
828 1379 969 1455 electuS,
1002 1399 1078 1441 cum
1116 1383 1160 1443 ab

209 1477 286 1558 ipso
315 1479 478 1558 pontifice
497 1487 706 1555 moneretur,
727 1487 766 1541 ut
790 1479 944 1541 ecclesiae
969 1476 1162 1542 Cantwari·

209 1577 282 1637 ensi
300 1575 431 1639 faceret
447 1578 540 1658 quod
554 1576 714 1653 debebat,
730 1586 765 1639 et
782 1578 1050 1639 benedictionem
1062 1597 1161 1639 suam

209 1674 445 1738 ecclesiastico
473 1696 568 1739 more
595 1678 800 1757 susciperet,
826 1674 1023 1754 respondit:
1059 1676 1162 1736 benc·

210 1772 395 1837 dictionem
416 1775 554 1857 quidem
570 1795 607 1838 se
622 1774 770 1838 libenter
791 1773 966 1853 suscipere
984 1772 1083 1844 velle,
1100 1775 1162 1836 sed

209 1871 458 1951 professionem
473 1893 578 1952 quam
593 1875 759 1954 exigebat
773 1872 870 1934 nulla
890 1872 1024 1934 ratione
1048 1872 1162 1935 factu·

211 1988 299 2031 rum.
353 1969 433 2032 Rex
452 1979 569 2033 autem
588 1970 789 2043 Heinricus‚
806 1970 865 2032 ubi
880 1969 1030 2032 advertit
1050 1969 1163 2033 Thur·

211 2075 351 2130 stanam
361 2068 396 2130 in
411 2088 478 2131 sua
489 2068 686 2149 pervicacia
696 2076 804 2144 stare,
819 2075 938 2149 aperte
949 2074 1163 2147 protestatus
1260 2114 1266 2124 .

209 2173 267 2235 est
283 2166 395 2243 illum,
416 2176 479 2231 aut
498 2187 630 2230 morem
645 2175 903 2230 antecessorum
919 2184 1072 2241 suorum,
1089 2175 1163 2228 tam

211 2263 246 2325 in
263 2265 477 2345 professione
493 2266 662 2341 facienda,
678 2285 782 2347 quam
799 2274 835 2327 et
857 2266 892 2327 in
908 2265 985 2327 aliis
1000 2265 1164 2343 dignitati

210 2362 366 2425 ecclesiae
400 2363 673 2427 Cantwariensis
708 2382 754 2427 ex
785 2365 929 2444 antiquo
960 2363 1039 2445 jure
1072 2382 1164 2425 com·

210 2462 422 2540 petentibus,
443 2471 691 2536 executurum,
716 2469 778 2525 aut
804 2463 1004 2542 episcopatu
1030 2461 1163 2523 Ebora·

210 2560 304 2621 censi
324 2579 401 2622 cum
420 2560 659 2624 benedictione
675 2559 832 2623 funditus
850 2560 1048 2622 cariturum.
1095 2558 1165 2622 His

212 2656 354 2735 auditis,
379 2659 437 2722 ille
457 2659 512 2722 sui
534 2660 649 2723 cordis
672 2659 818 2722 consilio
843 2657 1164 2739 impraemeditatius

211 2756 366 2830 credens,
392 2759 606 2822 renuntiavit
633 2757 865 2839 pontificatui,
891 2756 1063 2837 spondens
1090 2756 1165 2836 regi

211 2862 247 2917 et
264 2855 526 2938 archiepiscopo
542 2876 581 2920 se
598 2856 680 2918 dum
699 2857 833 2919 viveret
849 2854 946 2917 illum
967 2874 1036 2917 non
1057 2854 1166 2917 recla-

211 2961 398 3030 maturum,
413 2975 477 3018 nec
494 2955 649 3036 aliquam
665 2955 874 3017 calumniam
886 2953 966 3016 inde
979 2959 1165 3026 moturum,

184 3053 411 3134 ⁴¹quicunque
438 3051 666 3117 substitutus¹
709 3052 843 3115 fuisset.
912 3051 1061 3116 ominus
1100 3070 1164 3114 rex
1178 3063 1306 3153 ggevffinr

212 3149 441 3213 Walanorum
458 3152 648 3215 occiditur:
672 3159 707 3213 et
727 3169 791 3213 rex
812 3148 1004 3229 Anglorum
1023 3148 1242 3211 Hermi-mn.

212 3266 274 3310 cus
307 3268 402 3311 mare
429 3251 579 3326 transiit,
607 3250 797 3312 comitante
824 3266 941 3310 secum
966 3246 1166 3309 Thurstano

212 3346 323 3409 electo
342 3347 555 3411 Eboracensi
577 3348 851 3428 archiepiscop0,
874 3352 1036 3426 sperante
1055 3364 1093 3407 se
1111 3364 1166 3407 re·

213 3446 418 3508 vestituram
438 3448 492 3508 sui
510 3446 734 3527 pontificatus
754 3451 1051 3524 recuperaturum,
1068 3450 1103 3505 et
1121 3463 1167 3505 ex

213 3545 310 3622 regio
322 3544 425 3625 jussu
443 3545 718 3607 benedictionem
743 3545 786 3606 ab
811 3543 1071 3623 archiepiscopo
1093 3542 1169 3603 sine

214 3644 398 3705 exactione
415 3643 641 3723 professionis
653 3643 871 3724 adepturum.
905 3640 1006 3704 Circa
1017 3659 1169 3702 mensem
1182 3653 1273 3693 anselm

1162 3738 1167 3750 ,
1182 3710 1269 3742 returns
1280 3703 1334 3740 from

215 3738 367 3819 Augusti
418 3760 579 3804 reversus
629 3761 650 3803 a
696 3741 812 3804 Roma
864 3739 1061 3814 Anselmus,
1111 3754 1286 3851 qurlrzgffia

214 3838 357 3918 pallium
397 3840 660 3921 archiepiscopo
701 3837 911 3901 Cantwariae
955 3837 1069 3900 Roma
1111 3837 1170 3898 de-

402 4052 409 4082 ¹
428 4053 603 4115 substitutus]
622 4053 789 4102 Subsecutus.
801 4052 832 4101 L.
843 4053 890 4099 ond
901 4051 959 4100 edit.
