3074 4508
439 356 630 403 reonauru
655 355 939 404 wioourunusrs.
1102 343 1168 406 279

210 511 321 589 possit
336 511 521 591 applicare,
537 516 571 572 et
593 510 635 572 de
655 511 732 590 ipsa
754 518 847 572 terra
867 530 929 591 pro
953 528 1026 571 suae
1042 510 1166 572 volun-

211 609 293 669 tatis
317 609 459 670 arbitrio
478 609 658 689 disponere
684 616 719 671 et
740 609 911 670 ordinare.
966 606 1036 670 Pro
1062 607 1166 689 hujus

212 707 409 769 traditionis
451 707 605 769 mercede
651 706 828 787 pollicitus
866 714 918 769 est
955 706 1063 768 eidem
1104 726 1165 770 rex

211 804 368 868 Franciae
399 807 629 887 principatum
654 805 795 868 Walliae
824 805 889 868 sibi
912 811 945 867 et
972 805 1165 867 haeredibus

209 904 281 963 suis
305 924 342 965 se
366 904 536 967 daturum.
582 903 649 967 Sed
666 905 749 985 quia
771 903 856 966 nihil
880 902 1054 966 occultum
1071 905 1165 982 quod

210 1020 278 1063 non
292 1003 474 1076 reveletur,
486 1004 593 1084 signis
603 1004 867 1084 quibuscunque
881 1001 1164 1083 praecedentibus

210 1100 253 1161 ab
279 1101 450 1180 aliquibus
473 1102 564 1182 regis
581 1101 753 1175 fidelibus,
770 1108 804 1163 et
821 1101 924 1162 etiam
946 1101 1013 1181 ipsi
1028 1100 1103 1180 regi
1122 1099 1164 1162 de

210 1198 404 1277 proditione
425 1200 464 1262 fit
486 1207 691 1280 suspectus;
715 1218 783 1279 quo
809 1218 847 1260 se
870 1217 889 1259 a
914 1199 1010 1261 curia
1025 1199 1164 1260 subtra-

210 1295 478 1371 hente,mittitur
490 1300 758 1380 circumquaque
772 1298 815 1360 ad
830 1317 907 1359 eum
921 1296 1163 1358 reducendum.

211 1393 310 1474 Rege
328 1397 434 1476 igitur
456 1398 490 1459 in
509 1396 645 1471 Cantia,
663 1407 698 1459 et
721 1397 812 1478 apud
834 1395 1059 1458 Cantuariam
1080 1402 1163 1457 tunc

209 1503 344 1571 agente,
370 1503 490 1574 captus
516 1503 568 1558 est
594 1495 683 1556 idem
707 1494 864 1576 proditor
886 1501 921 1555 et
948 1493 1161 1555 Londoniam

210 1591 400 1670 adductus3
425 1612 529 1674 super
551 1613 652 1674 quem
678 1593 821 1655 inventa
848 1598 929 1653 sunt
951 1591 1070 1653 brevia
1090 1598 1162 1652 tam

209 1689 274 1751 sibi
299 1711 320 1752 a
343 1711 423 1772 rege
450 1691 615 1766 Franciae,
638 1712 743 1773 quam
771 1691 978 1771 transcripta
1004 1691 1162 1751 brevium

210 1790 253 1849 ab
281 1791 358 1870 ipso
389 1791 459 1870 regi
491 1790 645 1852 Franciae
673 1790 965 1860 transmissorum,
994 1794 1160 1868 tanquam

210 1888 413 1966 proditionis
443 1888 546 1970 hujus
574 1889 816 1961 instrumenta,
854 1888 1078 1967 ipsorumque
1110 1887 1162 1948 t'a-

210 1990 344 2045 ctorum
365 1985 442 2047 luce
459 1985 586 2048 clarius
605 1981 846 2047 verificantia.¹
897 1983 1032 2065 Vigilia
1054 1984 1163 2065 igitur
1175 1982 1305 2072 ffggfxoeu·

211 2080 245 2143 S.
265 2082 426 2164 Dionysii
464 2079 501 2165 [8
533 2080 642 2166 Oct.],
680 2084 774 2165 apud
812 2082 1026 2145 Londoniam
1064 2082 1163 2162 equis

209 2180 396 2244 distractus
425 2190 460 2244 et
485 2190 711 2263 consumptus
738 2181 890 2259 interiit3
927 2186 1032 2261 caput
1063 2179 1163 2261 cujus

209 2279 254 2340 ad
297 2279 435 2342 Turrim
482 2281 730 2343 transmittitur
771 2266 1006 2360 affigendum?
1081 2278 1163 2340 Rex

209 2375 349 2457 Angliae
376 2378 505 2442 Natale
535 2378 675 2440 Domini
703 2378 796 2458 apud
822 2377 857 2443 S.
872 2375 1049 2440 Albanum
1072 2376 1162 2438 cele·

210 2477 335 2537 brevit.
382 2476 417 2538 N
420 2477 528 2538 avalis
558 2477 731 2538 exercitus
754 2476 846 2556 regis
866 2473 1005 2555 Angliae
1029 2471 1280 2560 (lesco-23⁸3!

210 2573 303 2634 nium
320 2575 503 2655 petiturus,
520 2574 664 2636 ducibus
680 2574 828 2636 dominis
843 2572 1038 2646 Edmundo,
1055 2570 1162 2635 fratre
1176 2571 1282 2617 ΜΨ·

210 2690 285 2746 suo,
302 2680 337 2734 et
362 2672 411 2734 H.
440 2672 481 2734 de
509 2671 616 2753 Lacy,
642 2673 768 2734 comite
796 2669 1041 2743 Lincolniensi,
1069 2670 1163 2750 apud

211 2767 397 2832 Plumtone
416 2772 452 2833 in
469 2770 656 2846 Cornubia,
672 2771 727 2833 die
743 2770 786 2832 S!
797 2769 964 2851 Stephani
982 2767 1041 2848 [26
1058 2768 1162 2849 Dec]

210 2868 297 2928 mari
311 2886 348 2931 se
363 2869 594 2944 contulerunt,
610 2877 645 2931 et
667 2868 758 2931 inira
772 2883 849 2931 vrri.
866 2867 991 2929 diesin
1006 2866 1164 2946 partibus

210 2963 395 3029 Gasconiae
414 2968 499 3029 satis
521 2985 666 3048 propere
685 2965 938 3046 applicuerunt.
993 2963 1164 3024 Dominus

210 3082 273 3124 rex
288 3063 324 3124 in
340 3062 464 3145 Capite
479 3064 610 3147 Jejunii
629 3063 689 3142 [16
707 3063 806 3142 Feb]
824 3061 953 3123 Sancto
972 3058 1079 3122 Petro
1107 3059 1163 3121 hic

210 3163 438 3241 pertriduum
461 3182 589 3224 moram
613 3161 766 3233 trabeae,
785 3161 852 3220 iter
873 3178 971 3220 suum
989 3157 1164 3237 disposuit

211 3279 330 3321 versus
347 3260 510 3334 Scotiam,
528 3260 570 3321 ad
588 3258 829 3321 debellandum
846 3255 1001 3318 inimicos
1016 3272 1111 3316 suos

246 3511 419 3576 'Ipsorumque
428 3547 490 3562 .....
497 3512 671 3576 sacrificantia]
699 3512 768 3559 verul
786 3512 926 3558 narratives
944 3513 969 3557 to
989 3510 1019 3557 be
1037 3509 1116 3556 found
1135 3510 1161 3556 in

210 3584 253 3631 Sic
266 3584 322 3631 MS.
698 3581 741 3629 the
753 3580 825 3628 other
841 3580 981 3627 chronicles
998 3579 1020 3625 is
1032 3579 1091 3625 well
1104 3591 1162 3624 con·
1204 3610 1206 3614 ψ

698 3649 795 3698 densed
808 3650 841 3708 by
853 3648 904 3696 ΜΓ.
916 3648 1041 3708 Aungier,
1053 3647 1095 3694 the
1108 3647 1163 3693 edi·

244 3717 320 3767 'For
342 3735 358 3767 a
381 3719 427 3766 tull
451 3719 501 3765 end
523 3720 672 3778 interesting
698 3724 745 3766 tor.
770 3718 817 3765 See
829 3716 883 3764 ulso
896 3717 948 3764 Mr.
962 3715 1163 3775 Wright's‘Po-

209 3795 318 3835 account
339 3789 368 3835 os
390 3787 431 3835 the
455 3792 554 3834 treason
577 3787 605 3833 of
631 3788 672 3833 Sir
697 3784 1163 3844 liticalSongsoiEngland,'pm,

208 3857 318 3904 Thomas
331 3855 564 3915 deTurbevile,see
577 3854 671 3902 ‘chro-
697 3870 778 3916 seqq.;
799 3854 877 3900 Peter
897 3853 1024 3913 Langtoft,
1043 3868 1087 3911 pp.
1105 3855 1163 3911 207,

210 3926 300 3983 niques
318 3926 350 3971 de
368 3922 489 3983 London,'
506 3939 532 3983 p.
544 3927 586 3983 at,
597 3938 669 3984 seqq,
697 3927 762 3980 2705
782 3922 857 3968 lllutt.
869 3921 973 3969 Westm.
986 3936 1012 3980 p.
1024 3924 1089 3978 425;
1110 3921 1164 3968 He-

210 3995 294 4041 wbere
313 3995 354 4041 tlre
374 3994 507 4041 substance
527 3992 555 4038 of
571 3993 613 4040 the
631 4007 670 4039 se·
698 3992 776 4051 ming.
789 4005 814 4050 p.
828 3994 868 4037 58.
