3074 4508
466 341 659 389 rnonuurn
688 339 971 389 wrooarmnsrs,
1170 327 1191 386 5

235 492 349 572 Fcb.],
372 513 433 556 rex
458 495 656 558 Willelmus
683 496 892 560 monasteria
915 494 1023 559 totius
1050 494 1189 574 Angliae
1203 514 1356 552 immun·

231 593 454 671 perscrutari,
483 600 519 656 et
544 595 738 675 pecuniam,
764 593 870 674 qnam
898 594 1039 656 ditiores
1068 591 1188 672 Angli,
1202 563 1357 652 hhfflhssif

231 698 375 770 propter
398 690 490 753 illius
513 693 754 754 austeritatem
772 701 806 755 et
822 691 1136 771 depopulationem,
1152 692 1188 753 iu

232 787 282 847 eis
298 788 541 868 deposuerant,
559 789 687 852 auferri
702 797 738 852 et
761 790 797 852 in
816 791 974 852 aerarium
990 808 1092 851 snum
1110 789 1188 870 jus·

229 884 276 947 sit
293 884 650 970 deterrisConcilium
664 906 830 967 magnum
846 887 881 949 in
896 887 1030 949 octavis
1041 885 1188 949 Paschae
1202 904 1313 944 neuneu
1323 910 1346 944 a

208 981 270 1062 ,ll
299 980 625 1063 Apr.]sWintoniae
654 986 866 1048 celebratum
893 991 956 1058 est,
979 983 1126 1067 jubente
1153 991 1188 1046 et
1202 954 1343 994 ‘mm'

179 1061 213 1099 s
232 1089 404 1159 praesente
419 1101 501 1162 rege
517 1081 705 1158 Willelmo,
722 1083 861 1145 domino
876 1080 1079 1145 Alexandro
1095 1100 1188 1162 papa

118 1158 133 1216 Ι·
231 1180 479 1256 consentiente,
503 1189 538 1242 et
559 1199 622 1261 per
642 1200 725 1243 snos
745 1181 883 1260 legatos
902 1178 1187 1242 Earmenfredum

232 1273 464 1339 Sedunensem
496 1277 726 1358 episcopum,²
742 1284 778 1340 et
806 1278 1026 1358 presbyteros
1055 1275 1187 1339 Johan-

231 1391 309 1434 nem
324 1380 360 1435 et
373 1374 531 1450 Petrum,
544 1375 734 1438 cardinales
749 1375 842 1438 sedis
860 1373 1075 1455 apostolicae,
1086 1392 1186 1437 suam

232 1472 474 1534 auctoritatem
508 1472 705 1537 exhibente.
759 1472 802 1535 In
838 1492 907 1554 quo
939 1473 1087 1536 concilio
1117 1472 1353 1540 Sti-masmana

231 1567 365 1646 gandus
398 1570 626 1633 Doruberniae
659 1572 939 1650 archiepiscopus
973 1569 1186 1649 degradatur
1198 1541 1298 1589 dm*

231 1666 342 1728 trihus
355 1685 400 1730 ex
416 1669 540 1743 causis,
563 1668 709 1741 scilicet,
725 1670 808 1748 quia
832 1668 1070 1747 episcopatum
1087 1665 1187 1728 Win-

233 1767 337 1827 toniae
353 1784 430 1827 oum
446 1766 749 1845 archiepiscopatu
767 1764 896 1846 injuste
911 1764 1132 1844 possidebat3
1151 1773 1188 1827 et

231 1861 326 1941 quia,
341 1863 479 1927 vivente
501 1863 762 1943 archiepiscopo
787 1863 956 1936 Roberto,
978 1880 1048 1924 non
1073 1861 1186 1924 solum

231 1958 568 2040 archiepiscopatum
584 1961 745 2039 sumpsit,
760 1958 821 2020 sed
844 1959 947 2021 etiam
969 1958 1046 2039 ejus
1064 1958 1186 2037 pallio,

230 2056 323 2135 quod
353 2056 561 2120 Cautwariae
593 2057 771 2131 remansit,
801 2055 883 2118 dum
914 2055 949 2119 vi
978 2055 1108 2136 injuste
1141 2056 1186 2118 ab

230 2150 362 2234 Anglia
400 2155 522 2237 pulsus
559 2162 625 2230 est,
657 2155 694 2216 in
733 2154 917 2216 missarum
954 2153 1187 2215 celebratione

231 2252 431 2332 aliquandiu
458 2271 543 2316 usus
567 2261 641 2331 est3
667 2259 703 2315 et
719 2258 802 2333 post
820 2271 842 2314 a
859 2250 1062 2326 Benedicto,
1080 2268 1184 2330 quern

231 2357 353 2411 sancta
391 2351 553 2414 Romana
593 2351 740 2413 ecclesia
778 2348 1102 2421 excommunicavit,
1143 2366 1184 2410 eo

230 2446 322 2525 quod
340 2448 494 2526 pecuniis
511 2446 628 2510 sedem
641 2446 868 2529 apostolicam
885 2446 1025 2520 invasit,
1041 2444 1184 2526 pallium

227 2545 375 2624 accepit.
428 2545 514 2628 Ejus
544 2564 683 2626 quoque
709 2543 819 2607 frater
842 2543 1051 2624 Agelmarus
1080 2542 1184 2604 East·
1197 2563 1314 2613 neumae

229 2639 425 2720 Anglorum
452 2645 636 2725 episcopus
667 2649 721 2705 est
751 2642 973 2722 degradatus.
1027 2614 1343 2711 Abbatesl'l,l{.‘¹l2.¹‘“

229 2738 335 2801 etiam
359 2740 467 2820 aliqui
497 2742 546 2803 ibi
575 2740 758 2820 degradati
790 2749 885 2816 suut,
910 2757 1050 2819 operam
1079 2714 1268 2800 dantem

229 2854 311 2916 rege
334 2844 374 2900 ut
392 2839 615 2919 quamplures
632 2857 677 2899 ex
694 2837 819 2918 Anglis
840 2855 904 2899 suo
927 2836 1057 2897 honore
1071 2835 1185 2916 priva·

229 2941 359 3009 rentur,
382 2936 419 2997 in
446 2955 594 3016 quorum
621 2934 737 2997 locum
767 2953 841 2997 suae
873 2933 985 3014 gentis
1016 2949 1184 3013 personas

227 3031 442 3111 subrogavit,
468 3035 512 3095 ob
536 3032 832 3095 confirmationem
855 3031 987 3093 scilicet
1012 3030 1066 3091 sui
1090 3029 1185 3108 quod

227 3130 362 3192 noviter
377 3130 589 3210 adquisierat
605 3130 715 3208 regni.
755 3129 827 3192 Hic
843 3136 879 3191 et
895 3126 1092 3200 nonnullos,
1111 3135 1184 3189 tam

228 3227 410 3307 episcopos
445 3246 550 3307 quam
589 3228 747 3300 abbateS,
779 3244 866 3305 quos
903 3223 1001 3286 nulla
1032 3223 1184 3286 evidenti

229 3342 335 3386 causa
360 3343 424 3387 nec
448 3325 596 3387 concilia
622 3343 686 3385 nec
706 3324 802 3403 leges
827 3322 935 3384 seculi
961 3320 1183 3395 damnabant,

228 3421 302 3482 suis
326 3421 514 3485 honoribus
535 3421 700 3502 privavit,
717 3428 752 3482 et
773 3419 950 3501 usquead
975 3417 1077 3479 finem
1102 3418 1183 3479 vitae

229 3519 395 3581 custodiae
415 3521 632 3600 mancipatos
648 3519 808 3593 detinuit,
818 3517 1026 3597 suspicione,
1042 3523 1081 3576 ut
1095 3514 1184 3576 dixi·

228 3633 317 3689 muS,
336 3625 470 3679 tanturn
488 3616 648 3679 inductus
666 3618 747 3679 novi
763 3615 872 3694 regni.
926 3613 969 3675 In
984 3613 1049 3674 hoc
1065 3614 1183 3691 itaque
1195 3632 1304 3682 newun-

228 3713 385 3787 concilio,
406 3715 487 3776 dum
514 3701 632 3778 caeteri
661 3713 795 3794 trepidi,
820 3719 940 3792 utpote
962 3710 1053 3789 regis
1077 3683 1348 3787 argumentorum..

264 3952 271 3984 ¹
290 3956 450 4004 Seduneasem
468 3954 626 4016 episcopare]
649 3954 746 4012 Bishop
759 3954 788 4000 ot*
801 3952 872 4012 Sion,
884 3951 925 3998 the
937 3949 1007 3998 chief
1016 3955 1083 3996 town
1100 3948 1129 3995 ol
1143 3948 1185 3995 the

229 4025 327 4073 Valais.
360 4027 408 4074 See
420 4024 471 4073 vol.
484 4025 501 4072 i.
514 4039 541 4083 p.
553 4027 611 4084 220,
621 4022 671 4070 aud
683 4026 744 4069 note.
