3074 4508
333 328 376 389 30
705 340 911 388 onnoruoon

335 497 530 575 Urbanum,
550 518 613 581 pro
633 498 761 562 vicario
784 497 875 561 beati
900 496 1006 573 Petri,
1027 497 1133 560 Italia
1152 497 1285 562 Gallia·

334 617 402 679 que
416 599 493 680 jam
510 604 698 680 receperat.

109 772 110 777 ἵ
182 718 209 756 a.
218 717 244 755 n.
256 718 313 757 1092.
386 696 521 760 Civitas
549 695 733 759 Lundonia
765 694 915 756 maxima
935 713 978 757 ex
1006 701 1105 775 parte
1129 694 1284 758 incendio

168 784 256 871 ἓξὲξ
334 795 575 876 conflagravit.
624 792 1138 875 Osmundus,Seareshyriensis
1154 794 1284 875 episco-

168 882 320 971 fipfflffim
334 912 412 974 pus,
425 893 620 967 ecclesiam,
633 912 739 975 quam
754 891 982 971 Searesbyriae
996 893 1033 954 in
1048 891 1192 956 castello
1203 911 1285 956 con·

168 981 288 1022 ΝΜ·
333 997 527 1064 struxerat,
546 1009 624 1051 cum
651 990 823 1070 adjuton'o
847 990 1085 1070 episcoporum
1100 989 1284 1053 Walcelini

169 1092 320 1182 ffpgprapmr·
335 1085 1069 1162 WintoniensisetJohannisBathoniensis,
1078 1088 1286 1170 nonisApri-

169 1193 305 1241 orrosesthe
334 1185 390 1262 lis,
408 1187 446 1267 [5
464 1184 573 1266 Apr.]
592 1186 678 1248 feria
703 1202 756 1261 11.,
773 1185 955 1248 dedicavit.
1001 1184 1158 1249 Antistes
1179 1188 1282 1249 etiam

169 1242 291 1331 gfffitgffi
335 1285 532 1367 RemigiuS,
560 1286 632 1366 qui,
657 1285 797 1349 licentia
822 1285 912 1365 regis
933 1283 1102 1347 Willelmi
1126 1285 1282 1360 senioris,

169 1341 288 1382 “mm
334 1385 567 1466 episcopalem
584 1385 701 1448 sedem
712 1386 754 1448 de
768 1385 1019 1448 Dorcaceastra
1034 1391 1229 1447 mutaverat
1240 1384 1283 1447 ad

335 1483 600 1559 Lindicolinam,
619 1491 852 1572 constructam
875 1484 910 1545 in
933 1501 974 1545 ea
997 1483 1176 1545 ecclesiam
1198 1501 1283 1563 pon-

334 1583 454 1645 tificali
485 1582 650 1645 cathedra
676 1582 815 1664 dignam
843 1581 1000 1643 dedicare
1029 1581 1178 1657 volebat,
1203 1583 1283 1662 quia

333 1681 401 1742 sihi
417 1682 508 1744 diem
524 1681 644 1743 mortis
660 1681 834 1743 imminere
849 1681 1039 1755 sentiebat3
1058 1680 1117 1741 sed
1132 1680 1282 1741 Thomas

334 1777 564 1841 Eboracensis
580 1777 857 1858 archiepiscopus
877 1776 927 1837 illi
950 1777 1213 1838 contradicendo
1234 1797 1285 1840 re-

332 1876 491 1951 sistebat,
508 1873 682 1938 affirmans
701 1894 776 1937 eam
795 1876 831 1937 in
848 1892 911 1936 sua
928 1874 1094 1955 parochia
1110 1894 1184 1938 esse
1202 1894 1283 1940 con-

332 1981 515 2038 structam.
555 1972 606 2036 At
621 1993 684 2036 rex
698 1973 892 2037 Willelmus
903 1971 1032 2055 junior,
1048 1994 1110 2055 pro
1126 1975 1283 2056 pecunia,

332 2091 436 2152 quam
463 2073 495 2136 ei
525 2073 709 2152 Remigius
736 2072 889 2146 dederat,
916 2072 1022 2134 totius
1047 2073 1119 2135 fere
1146 2071 1284 2153 Angliae

332 2172 504 2251 episcopis
536 2170 728 2245 mandavit,
758 2178 809 2245 ut,
835 2170 871 2231 in
894 2187 999 2230 unum
1029 2170 1283 2246 convenientes,

334 2270 489 2348 septenis
504 2267 618 2330 idibus
642 2267 730 2329 Maii
754 2268 792 2347 [9
817 2265 934 2346 Maii],
950 2266 1130 2329 ecclesiam
1146 2268 1283 2332 dedica·

170 2395 283 2444 affirm.
333 2375 431 2444 rent3
456 2366 517 2429 sed
534 2365 640 2428 biduo
656 2366 842 2428 antediem
865 2372 1046 2441 statutum,
1063 2366 1198 2431 occulto
1216 2367 1283 2430 Dei

169 2445 302 2534 ffiissssb,
329 2462 475 2546 judicio,
492 2465 568 2546 ipse
585 2464 767 2545 episcopus
782 2463 962 2543 Remigius
976 2465 1169 2544 migravite
1184 2485 1282 2528 secu-

334 2562 381 2640 lo,
400 2570 436 2626 et
453 2563 608 2626 ecclesiae
632 2582 694 2644 per
709 2563 774 2625 hoc
798 2561 964 2623 remansit
981 2562 1160 2628 dedicatio.
1212 2564 1282 2626 His

167 2688 258 2728 caum.
334 2662 434 2734 actis,
452 2680 516 2724 rex
535 2661 572 2723 in
595 2659 879 2742 Northymhriam
903 2659 1090 2739 profectus,
1107 2661 1283 2726 civitatem

169 2738 256 2778 “¹³⁰⁰“
334 2777 413 2839 quae
441 2759 655 2840 Brytannice
678 2757 830 2833 Cairleu‚
855 2756 978 2821 Latine
1003 2757 1199 2840 Lugubalia
1221 2780 1283 2824 vo·

333 2864 446 2934 catur,
464 2857 688 2932 restauravit,
705 2865 739 2920 et
760 2858 797 2919 in
822 2875 864 2919 ea
887 2857 1065 2919 castellum
1090 2858 1282 2923 aedificavit.

334 2954 425 3018 Haec
447 2956 537 3018 enim
562 2956 696 3031 civitas,
714 2964 754 3019 ut
767 2955 835 3017 illis
861 2954 896 3015 in
921 2956 1077 3036 partibus
1100 2956 1176 3019 aliae
1199 2976 1285 3020 non·

332 3054 450 3131 nullae,
467 3074 489 3116 a
505 3054 617 3116 Danis
638 3055 785 3135 paganis
812 3061 891 3116 ante
909 3070 960 3115 cc.
977 3072 1086 3118 annos
1109 3055 1233 3132 diruta,
1249 3063 1298 3118 et·

331 3169 443 3232 usque
459 3152 556 3215 adid
572 3159 709 3233 tempus
724 3153 850 3215 mansit
866 3152 1011 3214 deserta.

182 3277 306 3318 aarum
385 3249 466 3313 Rex
486 3249 681 3313 Willelmus
699 3251 829 3333 junior,
847 3251 882 3313 in
905 3249 1002 3330 regia
1024 3250 1110 3314 villa
1127 3271 1204 3332 quae
1219 3271 1281 3315 vo-

168 3343 319 3431 {ffl‘mffl
332 3355 434 3410 catur
450 3347 643 3425 Alwestan,
660 3349 855 3411 vehementi
871 3367 1055 3429 percussus
1072 3349 1282 3426 infirmitate,

332 3445 511 3508 civitatem
528 3445 751 3510 Glawornam
764 3447 967 3509 festinanter
979 3447 1076 3521 adiit,
1090 3447 1206 3528 ibique
1221 3468 1282 3528 per

331 3550 443 3606 totam
478 3542 792 3624 Quadragesimam
822 3545 1010 3624 languosus
1037 3545 1160 3625 jacuit.
1212 3546 1283 3622 Qui

332 3661 410 3704 cum
428 3661 466 3704 se
485 3649 627 3723 putaret
643 3643 712 3705 cito
728 3641 944 3717 moriturum,
961 3648 1000 3703 ut
1017 3643 1047 3704 ei
1066 3644 1120 3704 sui
1135 3645 1282 3708 barones

332 3759 540 3821 suggessero
547 3746 595 3814 nt,
608 3741 716 3803 vitam
727 3759 827 3802 snam
842 3742 1026 3821 corrigere,
1039 3741 1201 3805 ecclesias
1213 3763 1282 3807 non

332 3840 483 3920 amplius
501 3840 661 3912 vendere,
678 3857 741 3901 nec
757 3839 800 3900 ad
816 3857 955 3902 censum
973 3857 1112 3919 ponere,
1129 3841 1189 3903 sed
1204 3841 1283 3905 illas

332 3939 428 4016 regia
452 3939 543 4001 tueri
560 3944 745 4018 potestate,
763 3937 905 4001 irrectas
929 3937 1024 4017 leges
1039 3938 1223 4012 destruere,
1242 3959 1282 4003 ac

332 4043 445 4097 rectas
464 4044 619 4099 statuere
638 4036 714 4099 Deo
733 4037 899 4116 promisit.
952 4035 1101 4114 Insuper
1118 4034 1281 4099 Anselmo
