3074 4508
323 318 367 381 82
572 331 815 379 courmunrro
840 333 1012 380 cunorucr

325 498 399 554 tate
425 491 650 564 decernimus,
672 497 710 552 ut
732 490 767 552 in
794 489 1109 552 consecrationibus
1140 489 1273 570 episco-

325 610 462 672 porum,
481 591 534 653 vel
553 582 713 651 abbatum
730 588 1033 665 benedictionibus
1046 608 1108 652 seu
1124 590 1160 651 in
1178 587 1274 650 dedi·

327 690 523 752 cationibus
550 688 778 761 ecclesiarum,
804 707 873 750 nou
894 707 1016 769 cappa,
1039 706 1108 749 non
1132 694 1271 768 tapetae,

328 806 397 850 non
424 786 691 868 manutergium,
706 806 775 849 non
799 787 951 863 baccilia,
971 795 1005 850 et
1025 786 1110 848 nibil
1135 786 1274 849 omuino

327 903 390 966 per
405 884 617 961 violentiam,
628 885 693 947 nisi
706 892 829 967 sponte
839 885 990 949 oblatum
1006 885 1123 961 suerit,
1136 885 1275 967 penitus

329 983 503 1062 exigatur.

380 1097 428 1143 ιν.
458 1079 588 1143 Nullus
606 1079 724 1154 abbas,
742 1078 857 1141 nullus
879 1083 984 1161 prior,
1001 1081 1117 1144 nullus
1136 1081 1275 1144 omnino

327 1179 516 1241 monachus
540 1178 596 1241 vel
617 1177 772 1252 clericus,
795 1178 982 1251 ecclesiam,
1002 1180 1076 1242 sire
1094 1179 1275 1254 decimam,

327 1297 389 1340 seu
405 1277 570 1359 quaelibet
581 1275 744 1340 beneficia
756 1277 1000 1353 ecclesiastica,
1015 1278 1057 1341 de
1075 1278 1167 1341 dono
1182 1278 1274 1352 laici,

327 1378 401 1440 sine
416 1377 547 1459 proprii
563 1377 713 1458 episcopi
726 1377 930 1439 auctoritate
943 1384 977 1440 et
994 1395 1150 1452 assensu,
1166 1377 1276 1440 susci-

327 1477 413 1555 piat.
468 1475 571 1552 Quod
598 1477 627 1537 si
656 1483 900 1556 prasumptum
933 1475 1047 1552 fuerit,
1080 1476 1180 1538 irrita
1210 1475 1276 1538 erit

328 1573 470 1637 donatio
510 1572 716 1656 hujusmodi,
756 1581 790 1636 et
828 1574 900 1656 ipse
937 1576 1112 1639 canonicae
1153 1572 1274 1637 ultioni

328 1672 536 1753 subjacebit.

378 1785 412 1830 v.
437 1769 618 1831 Sancimus
642 1777 822 1849 praeterea,
846 1788 887 1830 ne
907 1770 984 1848 quis
1008 1770 1188 1831 ecclesiam
1207 1769 1275 1832 sibi

328 1866 402 1928 sive
419 1866 638 1948 praebendam
654 1875 798 1946 paterna
814 1867 970 1930 vendicet
983 1867 1198 1942 haereditate,
1214 1875 1277 1930 aut

327 1984 564 2028 successorem
579 1965 644 2027 sibi
658 1965 695 2028 in
710 1965 827 2047 aliquo
841 1966 1072 2029 ecclesiastico
1087 1969 1277 2030 constituat

327 2063 509 2127 beneficio.
563 2061 664 2140 Quod
691 2065 722 2126 si
745 2072 992 2145 praesumptum
1017 2064 1134 2140 fuerit,
1160 2065 1275 2128 nullas

328 2162 421 2224 vires
454 2161 582 2224 habere
610 2162 851 2242 permittimus,
880 2160 1032 2224 dicentes
1064 2180 1143 2224 cum
1180 2162 1275 2242 psal-

328 2259 446 2334 mista,
477 2259 597 2320 ‘Deus
626 2277 723 2320 meus
755 2278 845 2339 pone
875 2259 953 2322 illos
989 2267 1027 2322 ut
1061 2268 1185 2335 rotam,
1216 2259 1275 2334 et,’

328 2357 420 2419 sicut
438 2356 615 2432 dixerunt,
631 2356 855 2421 ‘haereditate
871 2358 1107 2439 possideamus
1134 2368 1275 2422 sanctu·

329 2456 442 2518 arium
460 2455 554 2518 Dei.'
595 2479 600 2492 ·

380 2570 427 2615 vr.
456 2552 670 2635 Adjicientes
695 2572 831 2634 quoque
857 2553 1053 2629 statuimuS,
1081 2561 1121 2616 ut
1148 2553 1277 2630 clerici,

328 2652 389 2732 qui
416 2652 582 2715 ecclesias
606 2671 667 2714 seu
691 2651 857 2714 beneficia
883 2652 1011 2714 habent
1038 2652 1275 2729 ecclesiarum,

327 2757 363 2812 et
386 2749 551 2825 ordinari,
574 2768 642 2830 quo
670 2748 810 2812 liberius
842 2751 972 2826 vivant,
1004 2749 1277 2830 subterfugiunt,

327 2867 405 2912 cum
434 2849 479 2910 ab
503 2848 675 2928 episcopis
699 2848 838 2911 invitati
858 2849 994 2923 fuerint,
1018 2832 1048 2911 si
1071 2849 1115 2911 ad
1138 2848 1276 2912 ordines

326 2947 525 3028 promoveri
540 2947 818 3028 contempserint,
836 2947 986 3010 ecclesiis
1001 2947 1105 3010 simul
1120 2954 1156 3010 et
1173 2948 1277 3011 bene-

326 3043 414 3106 ficiis
433 3063 552 3106 earum
569 3045 757 3125 prirentur.
792 3087 796 3094 -

365 3158 442 3203 ru.
469 3141 598 3205 Nullus
613 3143 647 3204 in
662 3142 842 3217 decanum,
856 3141 969 3204 nullus
986 3142 1022 3204 in
1032 3143 1194 3222 priorem,
1210 3144 1278 3207 nisi

326 3241 529 3322 presbyten
545 3240 660 3303 nullus
670 3241 705 3302 in
723 3240 1012 3318 archidiaconum,
1022 3241 1090 3304 nisi
1108 3241 1276 3305 diaconus

326 3348 583 3419 promoveatur.

377 3453 456 3500 vm.
482 3435 611 3498 Nullus
627 3436 662 3496 in
689 3437 938 3517 presbyterum,
961 3436 1078 3499 nullus
1101 3437 1137 3499 in
1163 3438 1275 3501 diaco-

326 3552 422 3608 num,
456 3534 523 3596 nisi
558 3535 600 3596 ad
634 3541 763 3595 certum
799 3533 934 3596 titulum
966 3533 1151 3600 ordinetur.
1206 3534 1278 3613 Qui

325 3650 408 3694 vcro
445 3631 604 3694 absolute
636 3631 740 3694 suerit
773 3632 951 3694 ordinatus
982 3641 1123 3714 sumpta
1158 3642 1276 3697 careat

326 3729 507 3808 dignitate.

376 3844 430 3890 1x.
456 3827 586 3891 Nullus
612 3828 732 3903 abbas,
757 3825 872 3888 nullus
898 3827 1038 3890 omnino
1056 3829 1201 3892 clericus
1221 3830 1276 3893 vel

323 3924 446 4000 laicuS,
466 3944 661 4008 quenquam
687 3945 748 4007 per
771 3926 950 3987 ecclesiam
972 3926 1007 3987 in
1024 3926 1171 3990 ecclesia
1186 3928 1277 3989 ordi-

324 4032 457 4100 natum,
470 4027 602 4104 absque
616 4025 745 4105 proprii
762 4023 913 4103 episcopi
925 4023 1070 4104 judicio,
1086 4034 1277 4106 praesumat
