3074 4508
327 338 394 401 144
583 352 831 400 cou'rrnunrro
856 352 1031 401 cunourcr

326 509 404 574 Nec
419 511 486 574 suit
503 511 581 592 quis
598 510 647 574 eis
674 508 921 590 responderet3
950 515 985 571 et
1002 509 1127 571 iterum
1142 508 1287 570 interro·

325 617 512 688 gaverunt,
536 609 632 672 ‘Ubi
665 618 718 672 est
747 608 1029 688 archiepiscopus
1059 605 1287 669 Cantuarien·

326 708 420 771 sisl'
453 708 580 788 quibus
610 708 686 786 ipse
714 706 906 788 respondit,
935 704 1030 768 ‘Hic
1051 723 1141 780 sum,
1167 722 1288 767 servus

328 803 473 880 Christi,
507 823 609 885 quem
637 823 701 867 vos
727 805 907 884 quaeritis!
971 803 1037 867 Cui
1069 821 1160 865 unus
1187 802 1287 865 fune·

327 908 463 963 storum
494 901 645 964 militum
668 902 704 963 in
727 903 853 983 spiritu
886 902 1013 965 furoris
1044 900 1175 976 intulit,
1206 900 1287 964 ‘Tu

326 999 430 1061 modo
448 999 619 1073 morieris,
647 999 860 1079 impossibile
888 1001 979 1061 enirn
1001 1007 1054 1061 est
1077 1008 1117 1062 ut
1139 998 1287 1061 ulterius

326 1097 450 1158 vivas'
515 1095 714 1176 Respondit
745 1106 861 1160 autom
899 1096 1192 1178 archiepiscopus,
1217 1115 1286 1160 non

326 1195 455 1257 minori
479 1195 677 1258 constantia
705 1195 802 1258 verbi
830 1213 934 1275 quam
963 1195 1081 1271 animi,
1099 1194 1198 1274 ‘Ego
1221 1213 1285 1276 pro

327 1293 406 1356 Deo
433 1312 512 1356 meo
544 1293 630 1355 mori
658 1300 802 1373 paratus
831 1312 919 1368 sum,
947 1299 982 1354 et
1004 1310 1067 1373 pro
1094 1293 1285 1356 assertione

322 1391 485 1474 justitiae,
517 1400 554 1455 et
587 1391 743 1455 ecclesiae
780 1390 952 1455 libertate.
1012 1390 1079 1453 Sed
1113 1391 1144 1453 si
1178 1400 1285 1472 caput

325 1509 442 1553 meum
459 1491 630 1573 quaeritiS,
649 1489 814 1572 prohibeo
837 1510 881 1553 ex
900 1497 1003 1572 parte
1027 1489 1284 1571 Omnipotentis

327 1588 408 1664 Dei,
431 1598 467 1652 et
492 1591 557 1651 sub
587 1590 821 1664 anathemate,
847 1608 891 1651 ne
923 1589 1086 1669 cuiquam
1113 1589 1183 1663 alii,
1209 1589 1284 1652 sive

326 1687 497 1749 monacho
516 1688 590 1749 sive
605 1687 731 1749 clerico
746 1687 801 1748 vel
816 1687 917 1760 laico,
932 1687 1055 1767 majori
1073 1686 1129 1748 vel
1147 1687 1283 1761 minori,

326 1782 363 1845 in
393 1784 512 1864 aliquo
543 1784 722 1860 noceatis3
746 1782 807 1845 sed
830 1783 901 1845 sint
923 1801 945 1844 a
971 1800 1077 1862 poena
1102 1783 1285 1860 immuneS,

327 1881 419 1943 sicut
452 1881 646 1944 extiterunt
675 1899 697 1943 a
725 1881 854 1943 causa?
914 1879 1033 1944 Verba
1068 1879 1144 1963 ejus
1169 1901 1282 1945 nonne

328 1978 508 2043 Christum
524 1979 719 2060 exprimere
734 1980 906 2055 videntur,
923 1979 959 2041 in
980 1979 1142 2061 passione
1165 1980 1283 2043 dicen·

327 2084 411 2154 tem,
442 2078 505 2141 ‘Si
529 2096 585 2140 me
611 2077 780 2157 quaeritis,
798 2078 903 2140 sinite
924 2078 987 2140 hos
1021 2077 1160 2140 abirel’
1193 2078 1281 2142 -His

326 2174 442 2250 dictis,
452 2177 575 2239 videns
591 2175 772 2238 carnifices
789 2175 922 2237 eductis
939 2175 1076 2255 gladiis,
1091 2175 1128 2236 in
1142 2176 1282 2239 modum

326 2273 461 2335 orantis
477 2272 660 2335 inclinavit
674 2278 790 2352 caput,
810 2272 884 2335 haec
902 2272 1092 2335 novissima
1106 2273 1283 2353 proferens

325 2373 447 2446 verba,
465 2370 578 2446 ‘Deo,
602 2378 639 2434 et
663 2372 776 2433 beatae
803 2369 940 2446 Mariae,
965 2378 1001 2433 et
1024 2372 1155 2434 sanctis
1176 2370 1282 2455 hujus
1316 2355 1323 2378 ¹

326 2469 483 2532 ecclesiae
507 2468 679 2550 patroniS,
696 2476 731 2532 et
753 2470 857 2532 beato
879 2468 1064 2550 Dionysio,
1079 2472 1282 2534 commendo
1314 2534 1316 2536 ,

326 2567 497 2649 meipsum
515 2576 551 2630 et
569 2567 725 2630 ecclesiae
741 2567 906 2630 causam'
957 2566 1057 2630 Tunc
1073 2567 1110 2629 in
1125 2569 1283 2633 omnibus

325 2663 381 2727 his
401 2665 625 2740 cruciatibus,
643 2664 765 2728 invicti
782 2665 888 2727 animi
910 2670 945 2726 et
970 2664 1183 2729 admirandae
1200 2685 1283 2729 con·

325 2763 468 2825 stantiae
485 2769 619 2842 martyr
636 2782 706 2826 non
724 2764 867 2825 verbum
883 2762 939 2825 vel
956 2762 1140 2826 clamorem
1155 2765 1283 2851 emisit,

326 2879 397 2923 non
428 2859 537 2923 edidit
561 2861 742 2941 gemitum,
761 2879 823 2924 nec
850 2860 1028 2923 brachium
1061 2868 1125 2923 aut
1148 2868 1282 2925 vestem

325 2959 492 3039 opposuit
524 2958 673 3033 ferienti,
703 2959 764 3021 sed
796 2965 902 3038 capnt
940 2957 1158 3034 inclinatum,
1187 2961 1282 3041 qnod

325 3055 453 3136 gladiis
466 3064 691 3138 exposuerat,
701 3057 811 3119 donec
823 3065 1132 3133 consummaretur,
1144 3060 1283 3122 tenebat

325 3155 513 3217 immobile.
567 3154 694 3235 Itaque
718 3154 855 3236 praefati
882 3154 1009 3217 milites
1026 3155 1186 3218 timentes
1202 3175 1283 3219 con-

325 3253 537 3315 currentium
567 3253 719 3334 undique
744 3254 926 3332 utriusque
952 3271 1058 3314 sexus
1086 3253 1282 3317 multitudi-

325 3369 417 3425 nem,
448 3370 491 3414 ne
522 3350 612 3414 forte
644 3358 726 3414 voto
756 3351 885 3414 infecto
916 3351 1118 3430 eriperetur,
1146 3349 1280 3414 facinus

326 3449 627 3525 acceleraverunt3
652 3468 800 3529 cumque
827 3466 917 3510 unus
942 3466 987 3510 ex
1015 3447 1064 3510 eis
1093 3449 1282 3512 extendens

325 3547 480 3608 vibraret
514 3545 669 3625 gladium
701 3547 737 3607 in
771 3554 876 3625 caput
906 3544 1172 3626 archiepiscopi,
1204 3549 1283 3611 bra-

325 3643 441 3705 chium
466 3643 648 3724 cujusdam
671 3643 799 3718 clerici,
815 3643 875 3723 qui
892 3643 1071 3706 dicebatur
1087 3644 1282 3709 Edwardus

326 3735 451 3816 Grim,¹
480 3742 552 3804 fere
575 3741 724 3805 abscidit
747 3748 782 3804 et
808 3742 923 3822 ipsum
950 3741 1083 3822 pariter
1108 3743 1283 3825 incapite

336 3975 338 3980 ,
360 3997 365 4026 ¹
388 3993 483 4055 Grim]
503 3994 617 4042 Edward
629 3995 700 4044 Grim
714 4011 768 4046 was
780 3997 822 4047 the
832 3959 1006 4058 archbishop's
1018 3997 1198 4046 crosa-bearet.
1234 3997 1283 4045 See

323 4061 363 4110 his
375 4064 503 4111 narrative
514 4077 556 4122 ap.
568 4064 680 4114 Surium.
