3074 4508
442 345 635 392 rnoanu'ru
665 345 948 392 wrcoorunssrs
1104 334 1168 394 145

211 500 408 564 vulneravit
444 502 611 564 christum
643 503 807 575 Domini;
841 504 1043 565 extenderat
1076 504 1165 565 enim

208 599 297 660 idem
331 601 477 663 clericus
509 601 688 663 brachium
715 621 820 681 super
847 610 952 680 caput
976 603 1101 682 patris,
1129 611 1166 663 ut

210 697 371 761 lerientes
407 700 597 778 exciperet,
626 700 682 761 vel
714 701 832 779 potius
868 700 1010 762 elideret
1046 701 1165 762 ictum.

210 794 335 858 Stabat
360 797 474 858 adhuc
498 797 617 878 justus
645 817 708 877 pro
728 798 868 880 justitia
895 799 1042 879 patiens,
1070 798 1167 860 velut

209 912 321 972 agnus
345 896 524 970 innocens,
542 896 618 958 sine
642 915 828 969 murmure,
849 898 924 958 sine
937 898 1165 976 querimonia,

209 999 244 1053 et
271 994 424 1073 seipsum
447 994 689 1056 holocaustum
716 993 881 1057 ollerehat
904 994 1066 1057 Domino.
1120 994 1166 1056 Et

209 1109 251 1152 ne
285 1092 363 1171 quis
390 1093 608 1155 funestorum
634 1093 826 1156 satellitum
854 1092 984 1156 intacto
1015 1093 1165 1174 praesule

209 1189 414 1253 inscelestus
451 1193 552 1270 argui
593 1192 716 1272 possit,
759 1191 930 1254 secundus
965 1199 1002 1253 et
1041 1191 1164 1253 tertius

209 1287 344 1366 gladios
371 1308 454 1351 suos
473 1291 594 1352 vertici
616 1292 809 1353 constantis
834 1289 974 1353 athleta}
999 1290 1165 1351 atrociter

207 1384 392 1461 illiserunt,
423 1387 680 1466 confregerunt,
697 1396 732 1450 et
750 1388 900 1467 Spiritus
927 1387 1046 1448 Sancti
1064 1388 1164 1448 victi-

209 1503 299 1544 mam
323 1485 516 1546 solotenus
535 1487 863 1565 praecipitaverunt3
887 1483 1050 1565 quartus¹
1070 1504 1165 1558 vero,

208 1581 393 1663 plusquam
424 1583 540 1644 furiali
580 1582 788 1645 crudelitate
823 1582 1067 1656 debacchatus
1089 1583 1162 1663 jam

209 1689 384 1760 prostrato
400 1690 434 1743 et
452 1682 528 1763 jam
547 1683 724 1761 expiranti
750 1700 912 1743 coronam
940 1681 1078 1743 rasilem
1105 1683 1166 1743 ab·

209 1780 324 1853 scidit,
352 1787 386 1842 et
414 1789 541 1842 testam
566 1781 691 1861 capitis
715 1780 917 1860 dissipavit;
942 1789 976 1842 et
1002 1799 1165 1842 mucrone

209 1879 330 1939 vertici
361 1879 509 1954 intrus0,
542 1880 720 1941 cerebrum
757 1896 834 1941 cum
861 1879 1030 1957 sanguine
1061 1897 1166 1958 super

209 1975 443 2053 pavimentum
461 1976 637 2056 lapideum
653 1975 785 2037 effudit.
839 1975 965 2056 Itaque
979 1974 1165 2037 inchoante

207 2074 353 2152 septimo
370 2093 461 2136 anno
473 2073 571 2136 exilii
586 2074 653 2149 sui,
665 2072 834 2154 praefatus
850 2081 982 2153 martyr
996 2071 1164 2148 ThomaS,

209 2189 272 2250 pro
299 2171 376 2252 lege
404 2171 473 2234 Dei
498 2173 552 2234 sui
576 2178 611 2234 et
640 2191 703 2252 pro
728 2171 883 2234 ecclesiae
907 2171 1060 2252 justitia,
1085 2190 1164 2252 quae

209 2275 283 2331 tota
310 2270 382 2331 fere
409 2270 605 2350 deperierat
633 2270 668 2331 in
696 2268 892 2349 Anglicana
913 2268 1073 2343 ecclesia,
1089 2289 1163 2331 cer-

208 2367 298 2428 tavit
314 2387 424 2447 usque
439 2368 484 2430 ad
499 2376 656 2442 mortem,
675 2375 711 2429 et
728 2386 750 2429 a
763 2369 875 2429 verbis
893 2368 1077 2447 impiorum
1094 2386 1162 2430 non

208 2464 345 2541 timuit3
369 2465 430 2527 sed
449 2465 613 2527 fundatus
628 2483 736 2545 supra
751 2465 885 2526 firmam
900 2472 1047 2544 petram,
1058 2464 1093 2526 id
1110 2473 1164 2527 est

210 2559 399 2637 Christum,
414 2583 479 2642 pro
494 2561 625 2625 Christi
641 2563 791 2636 nomine,
806 2563 842 2624 in
859 2562 1005 2624 ecclesia
1020 2561 1163 2637 Christi,

209 2659 335 2738 gladiis
359 2660 595 2741 profanorum,
619 2661 741 2741 quinta
767 2659 823 2722 die
840 2659 980 2723 Natalis
1009 2660 1163 2736 Domini,

209 2757 244 2818 id
262 2765 314 2820 est
330 2760 483 2828 crastino
504 2758 743 2821 Innocentium
762 2758 821 2838 [29
837 2758 953 2839 Dec.],
972 2759 1047 2837 ipse
1064 2759 1164 2820 inno-

209 2875 290 2917 cens
317 2857 492 2920 occubuit.
545 2856 645 2918 Tunc
669 2874 801 2930 omnes,
818 2855 939 2918 relicto
965 2856 1038 2929 illo,
1064 2855 1163 2917 aulu-

210 2963 346 3033 gerunt,
358 2962 398 3017 ut
414 2955 663 3034 adimpleretur
677 2953 769 3033 quod
788 2954 953 3033 scriptum
972 2962 1036 3027 est,
1054 2952 1163 3014 ‘Per-

208 3056 310 3115 cu'sso
328 3062 470 3134 pastore
489 3053 733 3133 dispergentur
755 3051 861 3113 oves.'
914 3050 1048 3113 Milites
1062 3038 1162 3126 ⁴ver0,

210 3152 269 3230 qui
285 3151 370 3212 illud
392 3150 576 3231 profanum
599 3169 689 3230 opus
714 3157 1012 3229 perpetraverunt,
1030 3168 1163 3228 regres-

211 3268 286 3309 sum
317 3268 417 3310 snum
448 3248 605 3310 fecerunt
638 3267 701 3327 per
726 3247 901 3308 stabulum
931 3248 1107 3328 martyriS,
1131 3255 1166 3308 et

210 3365 317 3425 equos
334 3347 409 3427 ejus
433 3353 674 3418 extraxerunt,
698 3364 787 3425 quos
807 3343 873 3424 ipsi
898 3344 990 3405 inter
1016 3363 1054 3406 se
1081 3345 1165 3405 divi-

209 3452 339 3519 serunt,
371 3453 475 3525 prout
514 3446 564 3506 eis
596 3443 750 3525 placuit:
782 3443 842 3522 qui
868 3443 999 3515 statim,
1028 3441 1165 3521 profani
1205 3461 1212 3473 ’

209 3542 322 3621 operis
352 3544 405 3604 sni
433 3542 576 3616 conscii,
603 3541 705 3603 etde
734 3541 835 3602 venia
861 3539 1096 3618 desperantes
1121 3539 1163 3599 ad

208 3640 338 3700 curiam
373 3642 465 3719 regis
506 3640 599 3701 unde
638 3645 802 3701 venerant
840 3637 952 3698 redire
986 3656 1053 3698 nou
1089 3637 1165 3697 ausi

209 3736 355 3812 fuerant,
372 3738 432 3798 sed
456 3739 490 3798 in
516 3735 748 3799 occidentales
772 3734 910 3812 Angliae
924 3742 1041 3812 partes
1056 3751 1166 3793 seces-

207 3843 336 3909 serunt,
354 3854 464 3914 usque
483 3835 526 3895 ad
554 3833 846 3910 Cnaresburgam,
865 3829 979 3890 villam
999 3830 1165 3908 Hugonis

367 4050 374 4081 ¹
395 4051 527 4113 Quartus]
549 4050 629 4111 Hugh
641 4050 673 4098 de
687 4049 799 4109 llorsey.
837 4050 909 4102 Grim
920 4053 948 4096 ut
958 4063 1013 4110 sup.

257 4170 343 4214 Tou.
361 4168 400 4213 ll.
993 4162 1013 4208 L
