<?xml version="1.0" encoding="UTF-8"?>
<!DOCTYPE html PUBLIC "-//W3C//DTD XHTML 1.0 Transitional//EN"
    "http://www.w3.org/TR/xhtml1/DTD/xhtml1-transitional.dtd">
<html xmlns="http://www.w3.org/1999/xhtml" xml:lang="en" lang="en">
 <head>
  <title>
</title>
<meta http-equiv="Content-Type" content="text/html;charset=utf-8" />
  <meta name='ocr-system' content='tesseract 3.04.00' />
  <meta name='ocr-capabilities' content='ocr_page ocr_carea ocr_par ocr_line ocrx_word'/>
</head>
<body>
  <div class='ocr_page' id='page_1' title='image "./florentiiwigorn01florgoog_0233.png"; bbox 0 0 3074 4508; ppageno 0'>
   <div class='ocr_carea' id='block_1_1' title="bbox 327 309 1025 374">
    <p class='ocr_par' dir='ltr' id='par_1_1' title="bbox 327 309 1025 374">
     <span class='ocr_line' id='line_1_1' title="bbox 327 309 1025 374; baseline 0.003 -2"><span class='ocrx_word' id='word_1_1' title='bbox 327 309 393 372; x_wconf 79' lang='lat'><strong>208</strong></span> <span class='ocrx_word' id='word_1_2' title='bbox 580 326 826 374; x_wconf 79' lang='lat' dir='ltr'><strong>conrrnurrro</strong></span> <span class='ocrx_word' id='word_1_3' title='bbox 849 326 1025 374; x_wconf 80' lang='lat' dir='ltr'><strong>cunonrcr</strong></span> 
     </span>
    </p>
   </div>
   <div class='ocr_carea' id='block_1_2' title="bbox 169 479 1280 1052">
    <p class='ocr_par' dir='ltr' id='par_1_2' title="bbox 169 479 1280 1052">
     <span class='ocr_line' id='line_1_2' title="bbox 329 479 1276 563; baseline 0 -22"><span class='ocrx_word' id='word_1_4' title='bbox 329 498 493 560; x_wconf 86' lang='lat' dir='ltr'><strong>percussa</strong></span> <span class='ocrx_word' id='word_1_5' title='bbox 519 490 572 545; x_wconf 87' lang='lat' dir='ltr'><strong>est</strong></span> <span class='ocrx_word' id='word_1_6' title='bbox 596 481 750 546; x_wconf 81' lang='lat' dir='ltr'><strong>ecclesiae</strong></span> <span class='ocrx_word' id='word_1_7' title='bbox 778 482 882 544; x_wconf 87' lang='lat' dir='ltr'><strong>turris</strong></span> <span class='ocrx_word' id='word_1_8' title='bbox 908 479 1110 563; x_wconf 86' lang='lat' dir='ltr'><strong>principalis</strong></span> <span class='ocrx_word' id='word_1_9' title='bbox 1136 480 1171 541; x_wconf 92' lang='lat' dir='ltr'><strong>in</strong></span> <span class='ocrx_word' id='word_1_10' title='bbox 1200 487 1276 542; x_wconf 88' lang='lat' dir='ltr'><strong>tan·</strong></span> 
     </span>
     <span class='ocr_line' id='line_1_3' title="bbox 329 578 1278 661; baseline -0.002 -20"><span class='ocrx_word' id='word_1_11' title='bbox 329 586 401 641; x_wconf 92' lang='lat' dir='ltr'><strong>tum</strong></span> <span class='ocrx_word' id='word_1_12' title='bbox 415 589 453 643; x_wconf 91' lang='lat' dir='ltr'><strong>ut</strong></span> <span class='ocrx_word' id='word_1_13' title='bbox 468 582 682 661; x_wconf 86' lang='lat' dir='ltr'><strong>tempestatis</strong></span> <span class='ocrx_word' id='word_1_14' title='bbox 698 581 791 644; x_wconf 89' lang='lat' dir='ltr'><strong>illius</strong></span> <span class='ocrx_word' id='word_1_15' title='bbox 800 580 965 644; x_wconf 87' lang='lat' dir='ltr'><strong>violentia</strong></span> <span class='ocrx_word' id='word_1_16' title='bbox 979 579 1134 643; x_wconf 88' lang='lat' dir='ltr'><strong>nonnulli</strong></span> <span class='ocrx_word' id='word_1_17' title='bbox 1145 578 1278 660; x_wconf 91' lang='lat' dir='ltr'><strong>lapides</strong></span> 
     </span>
     <span class='ocr_line' id='line_1_4' title="bbox 330 678 1280 743; baseline -0.001 -4"><span class='ocrx_word' id='word_1_18' title='bbox 330 678 442 740; x_wconf 86' lang='lat' dir='ltr'><strong>evulsi</strong></span> <span class='ocrx_word' id='word_1_19' title='bbox 472 679 515 740; x_wconf 91' lang='lat' dir='ltr'><strong>ad</strong></span> <span class='ocrx_word' id='word_1_20' title='bbox 541 679 617 742; x_wconf 91' lang='lat' dir='ltr'><strong>loca</strong></span> <span class='ocrx_word' id='word_1_21' title='bbox 647 680 834 743; x_wconf 79' lang='lat' dir='ltr'><strong>remotiora</strong></span> <span class='ocrx_word' id='word_1_22' title='bbox 856 679 1026 742; x_wconf 87' lang='lat' dir='ltr'><strong>violenter</strong></span> <span class='ocrx_word' id='word_1_23' title='bbox 1053 683 1135 739; x_wconf 91' lang='lat' dir='ltr'><strong>sunt</strong></span> <span class='ocrx_word' id='word_1_24' title='bbox 1165 684 1280 739; x_wconf 87' lang='lat' dir='ltr'><strong>traus-</strong></span> 
     </span>
     <span class='ocr_line' id='line_1_5' title="bbox 331 774 1280 859; baseline -0.002 -22"><span class='ocrx_word' id='word_1_25' title='bbox 331 776 479 856; x_wconf 79' lang='lat' dir='ltr'><strong>portati3</strong></span> <span class='ocrx_word' id='word_1_26' title='bbox 517 777 609 856; x_wconf 92' lang='lat' dir='ltr'><strong>quod</strong></span> <span class='ocrx_word' id='word_1_27' title='bbox 635 776 773 857; x_wconf 89' lang='lat' dir='ltr'><strong>quidem</strong></span> <span class='ocrx_word' id='word_1_28' title='bbox 807 797 876 841; x_wconf 91' lang='lat' dir='ltr'><strong>non</strong></span> <span class='ocrx_word' id='word_1_29' title='bbox 906 778 979 841; x_wconf 91' lang='lat' dir='ltr'><strong>sine</strong></span> <span class='ocrx_word' id='word_1_30' title='bbox 1016 775 1175 859; x_wconf 88' lang='lat' dir='ltr'><strong>prodigio</strong></span> <span class='ocrx_word' id='word_1_31' title='bbox 1204 774 1280 836; x_wconf 91' lang='lat' dir='ltr'><strong>nni-</strong></span> 
     </span>
     <span class='ocr_line' id='line_1_6' title="bbox 332 872 1278 954; baseline 0 -19"><span class='ocrx_word' id='word_1_32' title='bbox 332 873 440 935; x_wconf 87' lang='lat' dir='ltr'><strong>versis</strong></span> <span class='ocrx_word' id='word_1_33' title='bbox 473 880 603 936; x_wconf 87' lang='lat' dir='ltr'><strong>sanctae</strong></span> <span class='ocrx_word' id='word_1_34' title='bbox 637 875 757 936; x_wconf 90' lang='lat' dir='ltr'><strong>matris</strong></span> <span class='ocrx_word' id='word_1_35' title='bbox 794 875 950 939; x_wconf 73' lang='lat' dir='ltr'><strong>ecclesiae</strong></span> <span class='ocrx_word' id='word_1_36' title='bbox 989 874 1069 938; x_wconf 87' lang='lat' dir='ltr'><strong>filiis</strong></span> <span class='ocrx_word' id='word_1_37' title='bbox 1108 872 1278 954; x_wconf 92' lang='lat' dir='ltr'><strong>stupendo</strong></span> 
     </span>
     <span class='ocr_line' id='line_1_7' title="bbox 169 970 1280 1052; baseline 0.006 -26"><span class='ocrx_word' id='word_1_38' title='bbox 169 988 250 1026; x_wconf 70' lang='lat' dir='ltr'><strong>urna</strong></span> <span class='ocrx_word' id='word_1_39' title='bbox 330 970 411 1033; x_wconf 90' lang='lat' dir='ltr'><strong>licet</strong></span> <span class='ocrx_word' id='word_1_40' title='bbox 435 971 629 1052; x_wconf 84' lang='lat' dir='ltr'><strong>contigisse.</strong></span> <span class='ocrx_word' id='word_1_41' title='bbox 682 971 725 1034; x_wconf 95' lang='lat' dir='ltr'><strong>In</strong></span> <span class='ocrx_word' id='word_1_42' title='bbox 754 974 906 1035; x_wconf 89' lang='lat' dir='ltr'><strong>crastino</strong></span> <span class='ocrx_word' id='word_1_43' title='bbox 930 974 1020 1036; x_wconf 91' lang='lat' dir='ltr'><strong>enim</strong></span> <span class='ocrx_word' id='word_1_44' title='bbox 1048 972 1082 1035; x_wconf 89' lang='lat' dir='ltr'><strong>S.</strong></span> <span class='ocrx_word' id='word_1_45' title='bbox 1099 970 1280 1035; x_wconf 87' lang='lat' dir='ltr'><strong>Laurentii</strong></span> 
     </span>
    </p>
   </div>
   <div class='ocr_carea' id='block_1_3' title="bbox 165 1037 1280 1153">
    <p class='ocr_par' dir='ltr' id='par_1_3' title="bbox 165 1037 1280 1153">
     <span class='ocr_line' id='line_1_8' title="bbox 165 1037 1280 1153; baseline 0.004 -27"><span class='ocrx_word' id='word_1_46' title='bbox 165 1037 292 1126; x_wconf 49' lang='lat' dir='ltr'><strong>iiiiii*</strong></span> <span class='ocrx_word' id='word_1_47' title='bbox 332 1068 390 1148; x_wconf 93' lang='grc'><strong>[11</strong></span> <span class='ocrx_word' id='word_1_48' title='bbox 406 1067 531 1153; x_wconf 87' lang='lat' dir='ltr'><strong>Aug.],</strong></span> <span class='ocrx_word' id='word_1_49' title='bbox 550 1088 639 1132; x_wconf 86' lang='lat' dir='ltr'><strong>anno</strong></span> <span class='ocrx_word' id='word_1_50' title='bbox 666 1069 797 1145; x_wconf 90' lang='lat' dir='ltr'><strong>eodem,</strong></span> <span class='ocrx_word' id='word_1_51' title='bbox 823 1079 904 1152; x_wconf 90' lang='lat' dir='ltr'><strong>post</strong></span> <span class='ocrx_word' id='word_1_52' title='bbox 926 1071 1076 1133; x_wconf 90' lang='lat' dir='ltr'><strong>insultus</strong></span> <span class='ocrx_word' id='word_1_53' title='bbox 1097 1069 1280 1133; x_wconf 85' lang='lat' dir='ltr'><strong>nonnullos</strong></span> 
     </span>
    </p>
   </div>
   <div class='ocr_carea' id='block_1_4' title="bbox 167 1137 1285 4095">
    <p class='ocr_par' dir='ltr' id='par_1_4' title="bbox 167 1137 1285 4095">
     <span class='ocr_line' id='line_1_9' title="bbox 167 1137 1277 1250; baseline 0.001 -22"><span class='ocrx_word' id='word_1_54' title='bbox 167 1137 293 1175; x_wconf 44' lang='lat' dir='ltr'><strong>‘nubum&#39;</strong></span> <span class='ocrx_word' id='word_1_55' title='bbox 330 1165 366 1228; x_wconf 93' lang='lat' dir='ltr'><strong>in</strong></span> <span class='ocrx_word' id='word_1_56' title='bbox 397 1167 589 1247; x_wconf 87' lang='lat' dir='ltr'><strong>prioratum</strong></span> <span class='ocrx_word' id='word_1_57' title='bbox 616 1186 850 1249; x_wconf 82' lang='lat' dir='ltr'><strong>saepenumero</strong></span> <span class='ocrx_word' id='word_1_58' title='bbox 883 1168 1007 1242; x_wconf 87' lang='lat' dir='ltr'><strong>factos,</strong></span> <span class='ocrx_word' id='word_1_59' title='bbox 1040 1176 1120 1249; x_wconf 89' lang='lat' dir='ltr'><strong>post</strong></span> <span class='ocrx_word' id='word_1_60' title='bbox 1148 1168 1277 1250; x_wconf 89' lang='lat' dir='ltr'><strong>januas</strong></span> 
     </span>
     <span class='ocr_line' id='line_1_10' title="bbox 331 1265 1279 1341; baseline 0.001 -13"><span class='ocrx_word' id='word_1_61' title='bbox 331 1273 521 1328; x_wconf 90' lang='lat' dir='ltr'><strong>conventus</strong></span> <span class='ocrx_word' id='word_1_62' title='bbox 538 1267 581 1328; x_wconf 93' lang='lat' dir='ltr'><strong>ab</strong></span> <span class='ocrx_word' id='word_1_63' title='bbox 602 1285 720 1329; x_wconf 90' lang='lat' dir='ltr'><strong>eorum</strong></span> <span class='ocrx_word' id='word_1_64' title='bbox 739 1266 871 1328; x_wconf 86' lang='lat' dir='ltr'><strong>aemulis</strong></span> <span class='ocrx_word' id='word_1_65' title='bbox 888 1266 1056 1329; x_wconf 88' lang='lat' dir='ltr'><strong>violenter</strong></span> <span class='ocrx_word' id='word_1_66' title='bbox 1072 1265 1279 1341; x_wconf 82' lang='lat' dir='ltr'><strong>confractas,</strong></span> 
     </span>
     <span class='ocr_line' id='line_1_11' title="bbox 331 1363 1280 1448; baseline 0.001 -23"><span class='ocrx_word' id='word_1_67' title='bbox 331 1383 464 1426; x_wconf 87' lang='lat' dir='ltr'><strong>necnon</strong></span> <span class='ocrx_word' id='word_1_68' title='bbox 499 1364 585 1427; x_wconf 88' lang='lat' dir='ltr'><strong>alias</strong></span> <span class='ocrx_word' id='word_1_69' title='bbox 621 1363 767 1448; x_wconf 90' lang='lat' dir='ltr'><strong>injurias</strong></span> <span class='ocrx_word' id='word_1_70' title='bbox 803 1383 959 1428; x_wconf 86' lang='lat' dir='ltr'><strong>enormes</strong></span> <span class='ocrx_word' id='word_1_71' title='bbox 991 1364 1118 1445; x_wconf 89' lang='lat' dir='ltr'><strong>saepius</strong></span> <span class='ocrx_word' id='word_1_72' title='bbox 1151 1364 1280 1439; x_wconf 88' lang='lat' dir='ltr'><strong>illatas,</strong></span> 
     </span>
     <span class='ocr_line' id='line_1_12' title="bbox 331 1463 1277 1545; baseline 0 -20"><span class='ocrx_word' id='word_1_73' title='bbox 331 1464 450 1526; x_wconf 86' lang='lat' dir='ltr'><strong>statim</strong></span> <span class='ocrx_word' id='word_1_74' title='bbox 474 1472 554 1545; x_wconf 89' lang='lat' dir='ltr'><strong>post</strong></span> <span class='ocrx_word' id='word_1_75' title='bbox 576 1471 766 1528; x_wconf 89' lang='lat' dir='ltr'><strong>conventus</strong></span> <span class='ocrx_word' id='word_1_76' title='bbox 789 1464 1018 1538; x_wconf 84' lang='lat' dir='ltr'><strong>refectionem,</strong></span> <span class='ocrx_word' id='word_1_77' title='bbox 1049 1463 1093 1526; x_wconf 92' lang='lat' dir='ltr'><strong>ad</strong></span> <span class='ocrx_word' id='word_1_78' title='bbox 1121 1470 1277 1526; x_wconf 88' lang='lat' dir='ltr'><strong>sanctam</strong></span> 
     </span>
     <span class='ocr_line' id='line_1_13' title="bbox 333 1561 1280 1643; baseline 0 -20"><span class='ocrx_word' id='word_1_79' title='bbox 333 1570 478 1624; x_wconf 88' lang='lat' dir='ltr'><strong>matrem</strong></span> <span class='ocrx_word' id='word_1_80' title='bbox 515 1583 614 1625; x_wconf 88' lang='lat' dir='ltr'><strong>suam</strong></span> <span class='ocrx_word' id='word_1_81' title='bbox 649 1563 828 1626; x_wconf 87' lang='lat' dir='ltr'><strong>ecclesiam</strong></span> <span class='ocrx_word' id='word_1_82' title='bbox 866 1570 1098 1637; x_wconf 87' lang='lat' dir='ltr'><strong>accesserunt,</strong></span> <span class='ocrx_word' id='word_1_83' title='bbox 1126 1561 1280 1643; x_wconf 86' lang='lat' dir='ltr'><strong>ejusdem</strong></span> 
     </span>
     <span class='ocr_line' id='line_1_14' title="bbox 334 1660 1280 1740; baseline 0 -19"><span class='ocrx_word' id='word_1_84' title='bbox 334 1668 463 1722; x_wconf 71' lang='lat' dir='ltr'><strong>sanctae</strong></span> <span class='ocrx_word' id='word_1_85' title='bbox 477 1662 597 1723; x_wconf 86' lang='lat' dir='ltr'><strong>matris</strong></span> <span class='ocrx_word' id='word_1_86' title='bbox 612 1660 672 1721; x_wconf 89' lang='lat' dir='ltr'><strong>filii</strong></span> <span class='ocrx_word' id='word_1_87' title='bbox 690 1661 915 1740; x_wconf 87' lang='lat' dir='ltr'><strong>spurcissimi,</strong></span> <span class='ocrx_word' id='word_1_88' title='bbox 928 1668 1003 1723; x_wconf 87' lang='lat' dir='ltr'><strong>tota</strong></span> <span class='ocrx_word' id='word_1_89' title='bbox 1018 1660 1176 1723; x_wconf 87' lang='lat' dir='ltr'><strong>videlicet</strong></span> <span class='ocrx_word' id='word_1_90' title='bbox 1191 1679 1280 1722; x_wconf 91' lang='lat' dir='ltr'><strong>com-</strong></span> 
     </span>
     <span class='ocr_line' id='line_1_15' title="bbox 334 1756 1280 1833; baseline 0.001 -16"><span class='ocrx_word' id='word_1_91' title='bbox 334 1758 485 1819; x_wconf 89' lang='lat' dir='ltr'><strong>munitas</strong></span> <span class='ocrx_word' id='word_1_92' title='bbox 508 1758 660 1820; x_wconf 88' lang='lat' dir='ltr'><strong>civitatis</strong></span> <span class='ocrx_word' id='word_1_93' title='bbox 678 1756 844 1833; x_wconf 71' lang='lat' dir='ltr'><strong>Nor-uici,</strong></span> <span class='ocrx_word' id='word_1_94' title='bbox 870 1776 1026 1831; x_wconf 88' lang='lat' dir='ltr'><strong>numer0,</strong></span> <span class='ocrx_word' id='word_1_95' title='bbox 1054 1766 1094 1821; x_wconf 88' lang='lat' dir='ltr'><strong>ut</strong></span> <span class='ocrx_word' id='word_1_96' title='bbox 1117 1757 1280 1832; x_wconf 89' lang='lat' dir='ltr'><strong>creditur,</strong></span> 
     </span>
     <span class='ocr_line' id='line_1_16' title="bbox 330 1849 1278 1936; baseline 0 -19"><span class='ocrx_word' id='word_1_97' title='bbox 330 1849 454 1916; x_wconf 59' lang='lat' dir='ltr'><strong>TW.</strong></span> <span class='ocrx_word' id='word_1_98' title='bbox 483 1856 720 1918; x_wconf 89' lang='lat' dir='ltr'><strong>strenuissime</strong></span> <span class='ocrx_word' id='word_1_99' title='bbox 748 1863 980 1929; x_wconf 67' lang='lat' dir='ltr'><strong>armatorum</strong></span> <span class='ocrx_word' id='word_1_100' title='bbox 1021 1855 1080 1936; x_wconf 91' lang='lat' dir='ltr'><strong>qui</strong></span> <span class='ocrx_word' id='word_1_101' title='bbox 1108 1873 1178 1917; x_wconf 90' lang='lat' dir='ltr'><strong>una</strong></span> <span class='ocrx_word' id='word_1_102' title='bbox 1201 1874 1278 1918; x_wconf 90' lang='lat' dir='ltr'><strong>cum</strong></span> 
     </span>
     <span class='ocr_line' id='line_1_17' title="bbox 332 1952 1280 2036; baseline 0.003 -22"><span class='ocrx_word' id='word_1_103' title='bbox 332 1952 484 2016; x_wconf 89' lang='lat' dir='ltr'><strong>civitatis</strong></span> <span class='ocrx_word' id='word_1_104' title='bbox 500 1954 699 2017; x_wconf 90' lang='lat' dir='ltr'><strong>mulieribus</strong></span> <span class='ocrx_word' id='word_1_105' title='bbox 718 1954 833 2035; x_wconf 89' lang='lat' dir='ltr'><strong>iguem</strong></span> <span class='ocrx_word' id='word_1_106' title='bbox 855 1974 918 2036; x_wconf 91' lang='lat' dir='ltr'><strong>per</strong></span> <span class='ocrx_word' id='word_1_107' title='bbox 936 1955 1015 2018; x_wconf 87' lang='lat' dir='ltr'><strong>loca</strong></span> <span class='ocrx_word' id='word_1_108' title='bbox 1034 1954 1172 2017; x_wconf 85' lang='lat' dir='ltr'><strong>diversa</strong></span> <span class='ocrx_word' id='word_1_109' title='bbox 1189 1953 1280 2036; x_wconf 89' lang='lat' dir='ltr'><strong>prio·</strong></span> 
     </span>
     <span class='ocr_line' id='line_1_18' title="bbox 333 2052 1280 2134; baseline 0.003 -23"><span class='ocrx_word' id='word_1_110' title='bbox 333 2059 430 2114; x_wconf 92' lang='lat' dir='ltr'><strong>ratus</strong></span> <span class='ocrx_word' id='word_1_111' title='bbox 446 2060 671 2134; x_wconf 88' lang='lat' dir='ltr'><strong>apponentes,</strong></span> <span class='ocrx_word' id='word_1_112' title='bbox 683 2052 862 2116; x_wconf 88' lang='lat' dir='ltr'><strong>ecclesiam</strong></span> <span class='ocrx_word' id='word_1_113' title='bbox 881 2060 1062 2134; x_wconf 88' lang='lat' dir='ltr'><strong>totumque</strong></span> <span class='ocrx_word' id='word_1_114' title='bbox 1078 2053 1280 2134; x_wconf 90' lang='lat' dir='ltr'><strong>prioratum,</strong></span> 
     </span>
     <span class='ocr_line' id='line_1_19' title="bbox 331 2150 1281 2233; baseline 0.003 -23"><span class='ocrx_word' id='word_1_115' title='bbox 331 2158 462 2228; x_wconf 85' lang='lat' dir='ltr'><strong>praeter.</strong></span> <span class='ocrx_word' id='word_1_116' title='bbox 478 2152 546 2214; x_wconf 89' lang='lat' dir='ltr'><strong>tria</strong></span> <span class='ocrx_word' id='word_1_117' title='bbox 561 2150 616 2213; x_wconf 88' lang='lat' dir='ltr'><strong>vel</strong></span> <span class='ocrx_word' id='word_1_118' title='bbox 631 2157 783 2233; x_wconf 90' lang='lat' dir='ltr'><strong>quatuor</strong></span> <span class='ocrx_word' id='word_1_119' title='bbox 800 2150 945 2214; x_wconf 88' lang='lat' dir='ltr'><strong>aedificia</strong></span> <span class='ocrx_word' id='word_1_120' title='bbox 967 2151 1057 2213; x_wconf 90' lang='lat' dir='ltr'><strong>inter</strong></span> <span class='ocrx_word' id='word_1_121' title='bbox 1079 2156 1204 2213; x_wconf 83' lang='lat' dir='ltr'><strong>caetera</strong></span> <span class='ocrx_word' id='word_1_122' title='bbox 1220 2151 1281 2213; x_wconf 85' lang='lat' dir='ltr'><strong>vix</strong></span> 
     </span>
     <span class='ocr_line' id='line_1_20' title="bbox 331 2246 1280 2329; baseline 0.004 -22"><span class='ocrx_word' id='word_1_123' title='bbox 331 2248 555 2323; x_wconf 89' lang='lat' dir='ltr'><strong>numeranda,</strong></span> <span class='ocrx_word' id='word_1_124' title='bbox 580 2268 684 2329; x_wconf 88' lang='lat' dir='ltr'><strong>opere</strong></span> <span class='ocrx_word' id='word_1_125' title='bbox 712 2255 827 2311; x_wconf 88' lang='lat' dir='ltr'><strong>tamen</strong></span> <span class='ocrx_word' id='word_1_126' title='bbox 854 2247 1005 2329; x_wconf 89' lang='lat' dir='ltr'><strong>lapideo,</strong></span> <span class='ocrx_word' id='word_1_127' title='bbox 1032 2246 1093 2310; x_wconf 89' lang='lat' dir='ltr'><strong>sed</strong></span> <span class='ocrx_word' id='word_1_128' title='bbox 1122 2266 1185 2310; x_wconf 87' lang='lat' dir='ltr'><strong>nec</strong></span> <span class='ocrx_word' id='word_1_129' title='bbox 1215 2246 1280 2311; x_wconf 90' lang='lat' dir='ltr'><strong>hoc</strong></span> 
     </span>
     <span class='ocr_line' id='line_1_21' title="bbox 331 2345 1281 2427; baseline 0.002 -20"><span class='ocrx_word' id='word_1_130' title='bbox 331 2345 471 2425; x_wconf 88' lang='lat' dir='ltr'><strong>penitus</strong></span> <span class='ocrx_word' id='word_1_131' title='bbox 509 2354 670 2427; x_wconf 84' lang='lat' dir='ltr'><strong>excepto,</strong></span> <span class='ocrx_word' id='word_1_132' title='bbox 706 2346 742 2408; x_wconf 93' lang='lat' dir='ltr'><strong>in</strong></span> <span class='ocrx_word' id='word_1_133' title='bbox 780 2347 911 2409; x_wconf 88' lang='lat' dir='ltr'><strong>cineres</strong></span> <span class='ocrx_word' id='word_1_134' title='bbox 961 2345 1171 2426; x_wconf 86' lang='lat' dir='ltr'><strong>redigerunt,</strong></span> <span class='ocrx_word' id='word_1_135' title='bbox 1208 2363 1281 2409; x_wconf 93' lang='lat' dir='ltr'><strong>mo·</strong></span> 
     </span>
     <span class='ocr_line' id='line_1_22' title="bbox 331 2442 1282 2525; baseline 0 -20"><span class='ocrx_word' id='word_1_136' title='bbox 331 2443 460 2505; x_wconf 90' lang='lat' dir='ltr'><strong>nachos</strong></span> <span class='ocrx_word' id='word_1_137' title='bbox 477 2463 573 2508; x_wconf 78' lang='lat' dir='ltr'><strong>¹vero</strong></span> <span class='ocrx_word' id='word_1_138' title='bbox 600 2442 672 2507; x_wconf 84' lang='lat' dir='ltr'><strong>fere</strong></span> <span class='ocrx_word' id='word_1_139' title='bbox 703 2463 822 2508; x_wconf 89' lang='lat' dir='ltr'><strong>omnes</strong></span> <span class='ocrx_word' id='word_1_140' title='bbox 850 2444 1026 2525; x_wconf 85' lang='lat' dir='ltr'><strong>fugarunt.</strong></span> <span class='ocrx_word' id='word_1_141' title='bbox 1056 2444 1134 2508; x_wconf 70' lang='lat' dir='ltr'><strong>‚De</strong></span> <span class='ocrx_word' id='word_1_142' title='bbox 1164 2462 1282 2507; x_wconf 89' lang='lat' dir='ltr'><strong>eorum</strong></span> 
     </span>
     <span class='ocr_line' id='line_1_23' title="bbox 333 2541 1282 2624; baseline 0.002 -22"><span class='ocrx_word' id='word_1_143' title='bbox 333 2560 472 2623; x_wconf 90' lang='lat' dir='ltr'><strong>quoque</strong></span> <span class='ocrx_word' id='word_1_144' title='bbox 492 2543 721 2607; x_wconf 85' lang='lat' dir='ltr'><strong>servientibus</strong></span> <span class='ocrx_word' id='word_1_145' title='bbox 740 2544 885 2624; x_wconf 88' lang='lat' dir='ltr'><strong>triginta</strong></span> <span class='ocrx_word' id='word_1_146' title='bbox 900 2541 1013 2606; x_wconf 87' lang='lat' dir='ltr'><strong>velen</strong></span> <span class='ocrx_word' id='word_1_147' title='bbox 1028 2541 1121 2605; x_wconf 90' lang='lat' dir='ltr'><strong>circa</strong></span> <span class='ocrx_word' id='word_1_148' title='bbox 1136 2541 1282 2605; x_wconf 88' lang='lat' dir='ltr'><strong>diversis</strong></span> 
     </span>
     <span class='ocr_line' id='line_1_24' title="bbox 332 2639 1281 2721; baseline 0.001 -19"><span class='ocrx_word' id='word_1_149' title='bbox 332 2639 579 2721; x_wconf 92' lang='lat' dir='ltr'><strong>suppliciorum</strong></span> <span class='ocrx_word' id='word_1_150' title='bbox 594 2641 787 2721; x_wconf 88' lang='lat' dir='ltr'><strong>generibus,</strong></span> <span class='ocrx_word' id='word_1_151' title='bbox 800 2650 835 2704; x_wconf 90' lang='lat' dir='ltr'><strong>et</strong></span> <span class='ocrx_word' id='word_1_152' title='bbox 847 2642 912 2704; x_wconf 89' lang='lat' dir='ltr'><strong>hos</strong></span> <span class='ocrx_word' id='word_1_153' title='bbox 923 2641 959 2703; x_wconf 93' lang='lat' dir='ltr'><strong>in</strong></span> <span class='ocrx_word' id='word_1_154' title='bbox 968 2641 1098 2721; x_wconf 90' lang='lat' dir='ltr'><strong>gremio</strong></span> <span class='ocrx_word' id='word_1_155' title='bbox 1114 2649 1281 2716; x_wconf 88' lang='lat' dir='ltr'><strong>materno,</strong></span> 
     </span>
     <span class='ocr_line' id='line_1_25' title="bbox 334 2737 1281 2820; baseline 0.001 -21"><span class='ocrx_word' id='word_1_156' title='bbox 334 2739 410 2800; x_wconf 91' lang='lat' dir='ltr'><strong>neci</strong></span> <span class='ocrx_word' id='word_1_157' title='bbox 425 2738 652 2801; x_wconf 88' lang='lat' dir='ltr'><strong>tradiderunt.</strong></span> <span class='ocrx_word' id='word_1_158' title='bbox 688 2737 775 2802; x_wconf 92' lang='lat' dir='ltr'><strong>Illos</strong></span> <span class='ocrx_word' id='word_1_159' title='bbox 790 2758 813 2801; x_wconf 93' lang='lat' dir='ltr'><strong>a</strong></span> <span class='ocrx_word' id='word_1_160' title='bbox 827 2739 960 2820; x_wconf 90' lang='lat' dir='ltr'><strong>gremio</strong></span> <span class='ocrx_word' id='word_1_161' title='bbox 971 2738 1104 2814; x_wconf 88' lang='lat' dir='ltr'><strong>eodem,</strong></span> <span class='ocrx_word' id='word_1_162' title='bbox 1114 2745 1281 2819; x_wconf 91' lang='lat' dir='ltr'><strong>tanquam</strong></span> 
     </span>
     <span class='ocr_line' id='line_1_26' title="bbox 333 2836 1283 2912; baseline 0.002 -15"><span class='ocrx_word' id='word_1_163' title='bbox 333 2853 354 2897; x_wconf 89' lang='lat' dir='ltr'><strong>a</strong></span> <span class='ocrx_word' id='word_1_164' title='bbox 384 2837 506 2899; x_wconf 88' lang='lat' dir='ltr'><strong>matris</strong></span> <span class='ocrx_word' id='word_1_165' title='bbox 538 2837 733 2900; x_wconf 85' lang='lat' dir='ltr'><strong>abstractos</strong></span> <span class='ocrx_word' id='word_1_166' title='bbox 760 2837 934 2912; x_wconf 84' lang='lat' dir='ltr'><strong>uberibus,</strong></span> <span class='ocrx_word' id='word_1_167' title='bbox 961 2844 997 2900; x_wconf 87' lang='lat' dir='ltr'><strong>et</strong></span> <span class='ocrx_word' id='word_1_168' title='bbox 1026 2845 1107 2900; x_wconf 89' lang='lat' dir='ltr'><strong>aute</strong></span> <span class='ocrx_word' id='word_1_169' title='bbox 1131 2836 1283 2900; x_wconf 89' lang='lat' dir='ltr'><strong>tribunal</strong></span> 
     </span>
     <span class='ocr_line' id='line_1_27' title="bbox 332 2934 1283 3016; baseline 0.002 -22"><span class='ocrx_word' id='word_1_170' title='bbox 332 2935 510 3015; x_wconf 89' lang='lat' dir='ltr'><strong>proprium</strong></span> <span class='ocrx_word' id='word_1_171' title='bbox 540 2934 718 3009; x_wconf 91' lang='lat' dir='ltr'><strong>adductos,</strong></span> <span class='ocrx_word' id='word_1_172' title='bbox 752 2935 837 2997; x_wconf 93' lang='lat' dir='ltr'><strong>nulli</strong></span> <span class='ocrx_word' id='word_1_173' title='bbox 877 2943 1060 3016; x_wconf 89' lang='lat' dir='ltr'><strong>parcentes</strong></span> <span class='ocrx_word' id='word_1_174' title='bbox 1094 2934 1191 2997; x_wconf 85' lang='lat' dir='ltr'><strong>aetati</strong></span> <span class='ocrx_word' id='word_1_175' title='bbox 1222 2941 1283 2997; x_wconf 89' lang='lat' dir='ltr'><strong>aut</strong></span> 
     </span>
     <span class='ocr_line' id='line_1_28' title="bbox 333 3031 1284 3109; baseline -0.001 -15"><span class='ocrx_word' id='word_1_176' title='bbox 333 3031 456 3109; x_wconf 90' lang='lat' dir='ltr'><strong>ordini,</strong></span> <span class='ocrx_word' id='word_1_177' title='bbox 486 3033 606 3096; x_wconf 89' lang='lat' dir='ltr'><strong>eadem</strong></span> <span class='ocrx_word' id='word_1_178' title='bbox 635 3033 809 3096; x_wconf 89' lang='lat' dir='ltr'><strong>sententia</strong></span> <span class='ocrx_word' id='word_1_179' title='bbox 837 3033 1100 3096; x_wconf 86' lang='lat' dir='ltr'><strong>damnaverunt.</strong></span> <span class='ocrx_word' id='word_1_180' title='bbox 1157 3031 1284 3095; x_wconf 91' lang='lat' dir='ltr'><strong>Omnia</strong></span> 
     </span>
     <span class='ocr_line' id='line_1_29' title="bbox 334 3130 1282 3212; baseline 0.002 -21"><span class='ocrx_word' id='word_1_181' title='bbox 334 3130 440 3192; x_wconf 88' lang='lat' dir='ltr'><strong>etiam</strong></span> <span class='ocrx_word' id='word_1_182' title='bbox 466 3132 630 3212; x_wconf 89' lang='lat' dir='ltr'><strong>pretiosa,</strong></span> <span class='ocrx_word' id='word_1_183' title='bbox 663 3137 734 3192; x_wconf 85' lang='lat' dir='ltr'><strong>taur</strong></span> <span class='ocrx_word' id='word_1_184' title='bbox 766 3130 800 3192; x_wconf 91' lang='lat' dir='ltr'><strong>iu</strong></span> <span class='ocrx_word' id='word_1_185' title='bbox 839 3130 1067 3205; x_wconf 88' lang='lat' dir='ltr'><strong>thesaurario,</strong></span> <span class='ocrx_word' id='word_1_186' title='bbox 1106 3130 1282 3206; x_wconf 88' lang='lat' dir='ltr'><strong>vestiario,</strong></span> 
     </span>
     <span class='ocr_line' id='line_1_30' title="bbox 335 3226 1281 3310; baseline 0.001 -22"><span class='ocrx_word' id='word_1_187' title='bbox 335 3227 529 3305; x_wconf 80' lang='lat' dir='ltr'><strong>refectorio,</strong></span> <span class='ocrx_word' id='word_1_188' title='bbox 547 3246 650 3310; x_wconf 89' lang='lat' dir='ltr'><strong>quam</strong></span> <span class='ocrx_word' id='word_1_189' title='bbox 670 3229 774 3291; x_wconf 87' lang='lat' dir='ltr'><strong>etiam</strong></span> <span class='ocrx_word' id='word_1_190' title='bbox 800 3229 989 3292; x_wconf 87' lang='lat' dir='ltr'><strong>incaeteris</strong></span> <span class='ocrx_word' id='word_1_191' title='bbox 1012 3227 1166 3292; x_wconf 86' lang='lat' dir='ltr'><strong>ecclesiae</strong></span> <span class='ocrx_word' id='word_1_192' title='bbox 1188 3226 1281 3290; x_wconf 92' lang='lat' dir='ltr'><strong>illius</strong></span> 
     </span>
     <span class='ocr_line' id='line_1_31' title="bbox 334 3325 1284 3406; baseline 0.002 -19"><span class='ocrx_word' id='word_1_193' title='bbox 334 3325 490 3403; x_wconf 90' lang='lat' dir='ltr'><strong>officinis,</strong></span> <span class='ocrx_word' id='word_1_194' title='bbox 506 3334 542 3390; x_wconf 90' lang='lat' dir='ltr'><strong>et</strong></span> <span class='ocrx_word' id='word_1_195' title='bbox 557 3327 713 3402; x_wconf 87' lang='lat' dir='ltr'><strong>almaria,</strong></span> <span class='ocrx_word' id='word_1_196' title='bbox 729 3347 771 3389; x_wconf 89' lang='lat' dir='ltr'><strong>ea</strong></span> <span class='ocrx_word' id='word_1_197' title='bbox 787 3327 945 3390; x_wconf 89' lang='lat' dir='ltr'><strong>minutim</strong></span> <span class='ocrx_word' id='word_1_198' title='bbox 969 3326 1225 3406; x_wconf 85' lang='lat' dir='ltr'><strong>confringentes</strong></span> <span class='ocrx_word' id='word_1_199' title='bbox 1248 3333 1284 3389; x_wconf 89' lang='lat' dir='ltr'><strong>et</strong></span> 
     </span>
     <span class='ocr_line' id='line_1_32' title="bbox 334 3423 1284 3506; baseline 0.002 -22"><span class='ocrx_word' id='word_1_200' title='bbox 334 3423 574 3504; x_wconf 82' lang='lat' dir='ltr'><strong>depraedantes</strong></span> <span class='ocrx_word' id='word_1_201' title='bbox 604 3433 837 3506; x_wconf 89' lang='lat' dir='ltr'><strong>asportarunt.</strong></span> <span class='ocrx_word' id='word_1_202' title='bbox 891 3425 1057 3488; x_wconf 90' lang='lat' dir='ltr'><strong>Monachi</strong></span> <span class='ocrx_word' id='word_1_203' title='bbox 1082 3443 1176 3499; x_wconf 89' lang='lat' dir='ltr'><strong>vero,</strong></span> <span class='ocrx_word' id='word_1_204' title='bbox 1194 3442 1284 3486; x_wconf 89' lang='lat' dir='ltr'><strong>unus</strong></span> 
     </span>
     <span class='ocr_line' id='line_1_33' title="bbox 333 3521 1283 3603; baseline -0.001 -19"><span class='ocrx_word' id='word_1_205' title='bbox 333 3531 414 3601; x_wconf 91' lang='lat' dir='ltr'><strong>post</strong></span> <span class='ocrx_word' id='word_1_206' title='bbox 437 3523 542 3585; x_wconf 86' lang='lat' dir='ltr'><strong>alium</strong></span> <span class='ocrx_word' id='word_1_207' title='bbox 567 3523 656 3585; x_wconf 92' lang='lat' dir='ltr'><strong>clam</strong></span> <span class='ocrx_word' id='word_1_208' title='bbox 684 3521 868 3603; x_wconf 88' lang='lat' dir='ltr'><strong>fugientes,</strong></span> <span class='ocrx_word' id='word_1_209' title='bbox 890 3524 950 3585; x_wconf 87' lang='lat' dir='ltr'><strong>vix</strong></span> <span class='ocrx_word' id='word_1_210' title='bbox 972 3523 1046 3585; x_wconf 91' lang='lat' dir='ltr'><strong>vita</strong></span> <span class='ocrx_word' id='word_1_211' title='bbox 1071 3521 1208 3596; x_wconf 87' lang='lat' dir='ltr'><strong>comite,</strong></span> <span class='ocrx_word' id='word_1_212' title='bbox 1232 3539 1283 3583; x_wconf 87' lang='lat' dir='ltr'><strong>re·</strong></span> 
     </span>
     <span class='ocr_line' id='line_1_34' title="bbox 334 3619 1284 3700; baseline -0.001 -18"><span class='ocrx_word' id='word_1_213' title='bbox 334 3628 522 3683; x_wconf 90' lang='lat' dir='ltr'><strong>cesserunt.</strong></span> <span class='ocrx_word' id='word_1_214' title='bbox 575 3619 777 3684; x_wconf 88' lang='lat' dir='ltr'><strong>Convocato</strong></span> <span class='ocrx_word' id='word_1_215' title='bbox 809 3620 919 3700; x_wconf 89' lang='lat' dir='ltr'><strong>igitur</strong></span> <span class='ocrx_word' id='word_1_216' title='bbox 948 3620 1003 3682; x_wconf 92' lang='lat' dir='ltr'><strong>die</strong></span> <span class='ocrx_word' id='word_1_217' title='bbox 1032 3619 1284 3683; x_wconf 88' lang='lat' dir='ltr'><strong>Decollationis</strong></span> 
     </span>
     <span class='ocr_line' id='line_1_35' title="bbox 334 3715 1283 3803; baseline -0.001 -23"><span class='ocrx_word' id='word_1_218' title='bbox 334 3717 369 3780; x_wconf 92' lang='lat' dir='ltr'><strong>S.</strong></span> <span class='ocrx_word' id='word_1_219' title='bbox 387 3717 558 3781; x_wconf 81' lang='lat' dir='ltr'><strong>lobannis</strong></span> <span class='ocrx_word' id='word_1_220' title='bbox 590 3718 762 3801; x_wconf 87' lang='lat' dir='ltr'><strong>Baptistae</strong></span> <span class='ocrx_word' id='word_1_221' title='bbox 788 3715 848 3800; x_wconf 73' lang='lat'><strong>[29</strong></span> <span class='ocrx_word' id='word_1_222' title='bbox 879 3717 1003 3803; x_wconf 86' lang='lat' dir='ltr'><strong>Aug.],</strong></span> <span class='ocrx_word' id='word_1_223' title='bbox 1032 3718 1124 3800; x_wconf 91' lang='lat' dir='ltr'><strong>apud</strong></span> <span class='ocrx_word' id='word_1_224' title='bbox 1159 3717 1283 3799; x_wconf 86' lang='lat' dir='ltr'><strong>Eyam,</strong></span> 
     </span>
     <span class='ocr_line' id='line_1_36' title="bbox 334 3817 1285 3899; baseline -0.002 -21"><span class='ocrx_word' id='word_1_225' title='bbox 334 3817 439 3879; x_wconf 92' lang='lat' dir='ltr'><strong>totius</strong></span> <span class='ocrx_word' id='word_1_226' title='bbox 453 3819 680 3899; x_wconf 89' lang='lat' dir='ltr'><strong>episcopatus</strong></span> <span class='ocrx_word' id='word_1_227' title='bbox 699 3817 860 3891; x_wconf 91' lang='lat' dir='ltr'><strong>concilio,</strong></span> <span class='ocrx_word' id='word_1_228' title='bbox 880 3823 953 3880; x_wconf 91' lang='lat' dir='ltr'><strong>tam</strong></span> <span class='ocrx_word' id='word_1_229' title='bbox 977 3817 1163 3898; x_wconf 89' lang='lat' dir='ltr'><strong>episcopus</strong></span> <span class='ocrx_word' id='word_1_230' title='bbox 1180 3833 1285 3897; x_wconf 92' lang='lat' dir='ltr'><strong>quam</strong></span> 
     </span>
     <span class='ocr_line' id='line_1_37' title="bbox 333 3913 1285 3998; baseline -0.002 -23"><span class='ocrx_word' id='word_1_231' title='bbox 333 3916 514 3978; x_wconf 84' lang='lat' dir='ltr'><strong>universus</strong></span> <span class='ocrx_word' id='word_1_232' title='bbox 535 3916 688 3998; x_wconf 91' lang='lat' dir='ltr'><strong>episcopi</strong></span> <span class='ocrx_word' id='word_1_233' title='bbox 706 3915 818 3978; x_wconf 89' lang='lat' dir='ltr'><strong>clerus</strong></span> <span class='ocrx_word' id='word_1_234' title='bbox 843 3914 968 3977; x_wconf 87' lang='lat' dir='ltr'><strong>ibidem</strong></span> <span class='ocrx_word' id='word_1_235' title='bbox 996 3922 1227 3996; x_wconf 88' lang='lat' dir='ltr'><strong>congregatus</strong></span> <span class='ocrx_word' id='word_1_236' title='bbox 1249 3913 1285 3973; x_wconf 95' lang='lat' dir='ltr'><strong>in</strong></span> 
     </span>
     <span class='ocr_line' id='line_1_38' title="bbox 334 4011 1283 4095; baseline -0.002 -21"><span class='ocrx_word' id='word_1_237' title='bbox 334 4013 463 4082; x_wconf 90' lang='lat' dir='ltr'><strong>dictum</strong></span> <span class='ocrx_word' id='word_1_238' title='bbox 481 4013 614 4077; x_wconf 84' lang='lat' dir='ltr'><strong>lacinus</strong></span> <span class='ocrx_word' id='word_1_239' title='bbox 632 4020 884 4095; x_wconf 86' lang='lat' dir='ltr'><strong>perpetrantes,</strong></span> <span class='ocrx_word' id='word_1_240' title='bbox 900 4033 1019 4076; x_wconf 90' lang='lat' dir='ltr'><strong>omues</strong></span> <span class='ocrx_word' id='word_1_241' title='bbox 1035 4014 1138 4076; x_wconf 91' lang='lat' dir='ltr'><strong>etiam</strong></span> <span class='ocrx_word' id='word_1_242' title='bbox 1154 4011 1283 4084; x_wconf 85' lang='lat' dir='ltr'><strong>favore,</strong></span> 
     </span>
    </p>
   </div>
   <div class='ocr_carea' id='block_1_5' title="bbox 0 0 1550 4508">
    <p class='ocr_par' dir='ltr' id='par_1_5' title="bbox 0 0 1550 4508">
     <span class='ocr_line' id='line_1_39' title="bbox 0 0 1550 4508; baseline 0 0"><span class='ocrx_word' id='word_1_243' title='bbox 0 0 1550 4508; x_wconf 95' lang='lat' dir='ltr'><strong> </strong></span> 
     </span>
    </p>
   </div>
  </div>
 </body>
</html>
