<?xml version="1.0" encoding="UTF-8"?>
<!DOCTYPE html PUBLIC "-//W3C//DTD XHTML 1.0 Transitional//EN"
    "http://www.w3.org/TR/xhtml1/DTD/xhtml1-transitional.dtd">
<html xmlns="http://www.w3.org/1999/xhtml" xml:lang="en" lang="en">
 <head>
  <title>
</title>
<meta http-equiv="Content-Type" content="text/html;charset=utf-8" />
  <meta name='ocr-system' content='tesseract 3.04.00' />
  <meta name='ocr-capabilities' content='ocr_page ocr_carea ocr_par ocr_line ocrx_word'/>
</head>
<body>
  <div class='ocr_page' id='page_1' title='image "./florentiiwigorn01florgoog_0218.png"; bbox 0 0 3074 4508; ppageno 0'>
   <div class='ocr_carea' id='block_1_1' title="bbox 440 330 1164 394">
    <p class='ocr_par' dir='ltr' id='par_1_1' title="bbox 440 330 1164 394">
     <span class='ocr_line' id='line_1_1' title="bbox 440 330 1164 394; baseline 0.001 -2"><span class='ocrx_word' id='word_1_1' title='bbox 440 345 628 392; x_wconf 82' lang='lat' dir='ltr'>rnonnnrn</span> <span class='ocrx_word' id='word_1_2' title='bbox 654 345 935 394; x_wconf 79' lang='lat' dir='ltr'>w1aonrunnsrs.</span> <span class='ocrx_word' id='word_1_3' title='bbox 1098 330 1164 394; x_wconf 85' lang='lat'>193</span> 
     </span>
    </p>
   </div>
   <div class='ocr_carea' id='block_1_2' title="bbox 214 498 1279 1073">
    <p class='ocr_par' dir='ltr' id='par_1_2' title="bbox 214 498 1160 580">
     <span class='ocr_line' id='line_1_2' title="bbox 214 498 1160 580; baseline 0.001 -21"><span class='ocrx_word' id='word_1_4' title='bbox 214 498 402 561; x_wconf 88' lang='lat' dir='ltr'>secundum</span> <span class='ocrx_word' id='word_1_5' title='bbox 426 518 526 560; x_wconf 91' lang='lat' dir='ltr'>suum</span> <span class='ocrx_word' id='word_1_6' title='bbox 549 517 662 580; x_wconf 87' lang='lat' dir='ltr'>posse,</span> <span class='ocrx_word' id='word_1_7' title='bbox 684 499 727 561; x_wconf 89' lang='lat' dir='ltr'>ad</span> <span class='ocrx_word' id='word_1_8' title='bbox 751 499 944 561; x_wconf 81' lang='lat' dir='ltr'><strong>custodiam</strong></span> <span class='ocrx_word' id='word_1_9' title='bbox 968 499 1160 577; x_wconf 68' lang='lat' dir='ltr'>marinam</span> 
     </span>
    </p>

    <p class='ocr_par' dir='ltr' id='par_1_3' title="bbox 214 596 1279 1073">
     <span class='ocr_line' id='line_1_3' title="bbox 214 596 1161 678; baseline 0.001 -20"><span class='ocrx_word' id='word_1_10' title='bbox 214 604 249 659; x_wconf 88' lang='lat' dir='ltr'>et</span> <span class='ocrx_word' id='word_1_11' title='bbox 269 598 360 660; x_wconf 91' lang='lat' dir='ltr'>viros</span> <span class='ocrx_word' id='word_1_12' title='bbox 376 606 601 678; x_wconf 80' lang='lat' dir='ltr'>pugnaturos,</span> <span class='ocrx_word' id='word_1_13' title='bbox 618 606 652 660; x_wconf 88' lang='lat' dir='ltr'>et</span> <span class='ocrx_word' id='word_1_14' title='bbox 673 599 723 660; x_wconf 86' lang='lat' dir='ltr'>eis</span> <span class='ocrx_word' id='word_1_15' title='bbox 748 617 920 678; x_wconf 87' lang='lat' dir='ltr'>expensas</span> <span class='ocrx_word' id='word_1_16' title='bbox 938 596 1161 673; x_wconf 91' lang='lat' dir='ltr'>sufficienter,</span> 
     </span>
     <span class='ocr_line' id='line_1_4' title="bbox 215 695 1279 778; baseline 0.001 -22"><span class='ocrx_word' id='word_1_17' title='bbox 215 696 379 774; x_wconf 83' lang='lat' dir='ltr'>quamdiu</span> <span class='ocrx_word' id='word_1_18' title='bbox 408 697 455 758; x_wconf 94' lang='lat' dir='ltr'>ibi</span> <span class='ocrx_word' id='word_1_19' title='bbox 479 697 712 760; x_wconf 86' lang='lat' dir='ltr'>morabantur.</span> <span class='ocrx_word' id='word_1_20' title='bbox 767 695 912 759; x_wconf 90' lang='lat' dir='ltr'>Cometa</span> <span class='ocrx_word' id='word_1_21' title='bbox 935 697 1098 778; x_wconf 90' lang='lat' dir='ltr'>apparuit</span> <span class='ocrx_word' id='word_1_22' title='bbox 1125 697 1160 758; x_wconf 92' lang='lat' dir='ltr'>in</span> <span class='ocrx_word' id='word_1_23' title='bbox 1175 718 1279 757; x_wconf 63' lang='lat' dir='ltr'>remen.</span> 
     </span>
     <span class='ocr_line' id='line_1_5' title="bbox 214 795 1160 876; baseline 0.004 -22"><span class='ocrx_word' id='word_1_24' title='bbox 214 802 314 872; x_wconf 90' lang='lat' dir='ltr'>parte</span> <span class='ocrx_word' id='word_1_25' title='bbox 347 795 506 857; x_wconf 86' lang='lat' dir='ltr'>orientali</span> <span class='ocrx_word' id='word_1_26' title='bbox 540 802 621 857; x_wconf 88' lang='lat' dir='ltr'>ante</span> <span class='ocrx_word' id='word_1_27' title='bbox 652 813 814 858; x_wconf 90' lang='lat' dir='ltr'>auroram</span> <span class='ocrx_word' id='word_1_28' title='bbox 844 796 921 871; x_wconf 88' lang='lat' dir='ltr'>diei,</span> <span class='ocrx_word' id='word_1_29' title='bbox 955 815 1015 876; x_wconf 92' lang='lat' dir='ltr'>per</span> <span class='ocrx_word' id='word_1_30' title='bbox 1047 803 1160 859; x_wconf 90' lang='lat' dir='ltr'>totum</span> 
     </span>
     <span class='ocr_line' id='line_1_6' title="bbox 214 891 1159 975; baseline 0.005 -23"><span class='ocrx_word' id='word_1_31' title='bbox 214 910 364 955; x_wconf 87' lang='lat' dir='ltr'>mensem</span> <span class='ocrx_word' id='word_1_32' title='bbox 378 891 542 973; x_wconf 84' lang='lat' dir='ltr'><strong>Augusti,</strong></span> <span class='ocrx_word' id='word_1_33' title='bbox 551 892 701 973; x_wconf 86' lang='lat' dir='ltr'>plumbei</span> <span class='ocrx_word' id='word_1_34' title='bbox 711 893 850 970; x_wconf 91' lang='lat' dir='ltr'>coloris,</span> <span class='ocrx_word' id='word_1_35' title='bbox 863 894 995 956; x_wconf 89' lang='lat' dir='ltr'>radium</span> <span class='ocrx_word' id='word_1_36' title='bbox 1006 893 1159 975; x_wconf 83' lang='lat' dir='ltr'>dirigens</span> 
     </span>
     <span class='ocr_line' id='line_1_7' title="bbox 214 989 1250 1073; baseline 0.005 -22"><span class='ocrx_word' id='word_1_37' title='bbox 214 1008 335 1052; x_wconf 83' lang='lat' dir='ltr'>versus</span> <span class='ocrx_word' id='word_1_38' title='bbox 359 999 523 1056; x_wconf 86' lang='lat' dir='ltr'>anstrum.</span> <span class='ocrx_word' id='word_1_39' title='bbox 576 989 725 1072; x_wconf 87' lang='lat' dir='ltr'>Gwydo,</span> <span class='ocrx_word' id='word_1_40' title='bbox 742 990 941 1055; x_wconf 89' lang='lat' dir='ltr'>Sabinensis</span> <span class='ocrx_word' id='word_1_41' title='bbox 961 992 1158 1073; x_wconf 90' lang='lat' dir='ltr'>episcopus,</span> <span class='ocrx_word' id='word_1_42' title='bbox 1172 1010 1250 1057; x_wconf 77' lang='lat' dir='ltr'>curro.</span> 
     </span>
    </p>
   </div>
   <div class='ocr_carea' id='block_1_3' title="bbox 1125 1061 1282 1110">
    <p class='ocr_par' dir='ltr' id='par_1_4' title="bbox 1125 1061 1282 1110">
     <span class='ocr_line' id='line_1_8' title="bbox 1125 1061 1282 1110; baseline 0.019 -12"><span class='ocrx_word' id='word_1_43' title='bbox 1125 1091 1131 1104; x_wconf 86' lang='lat'>.</span> <span class='ocrx_word' id='word_1_44' title='bbox 1172 1061 1247 1110; x_wconf 76' lang='lat' dir='ltr'>bithop</span> <span class='ocrx_word' id='word_1_45' title='bbox 1257 1063 1282 1101; x_wconf 84' lang='lat' dir='ltr'>ol</span> 
     </span>
    </p>
   </div>
   <div class='ocr_carea' id='block_1_4' title="bbox 214 1088 1323 1269">
    <p class='ocr_par' dir='ltr' id='par_1_5' title="bbox 214 1088 1323 1269">
     <span class='ocr_line' id='line_1_9' title="bbox 214 1088 1259 1172; baseline -0.023 3"><span class='ocrx_word' id='word_1_46' title='bbox 214 1088 411 1166; x_wconf 90' lang='lat' dir='ltr'>cardinalis,</span> <span class='ocrx_word' id='word_1_47' title='bbox 428 1097 463 1152; x_wconf 73' lang='lat' dir='ltr'>et</span> <span class='ocrx_word' id='word_1_48' title='bbox 487 1089 686 1171; x_wconf 83' lang='lat' dir='ltr'>apostolicae</span> <span class='ocrx_word' id='word_1_49' title='bbox 712 1090 804 1152; x_wconf 90' lang='lat' dir='ltr'>sedis</span> <span class='ocrx_word' id='word_1_50' title='bbox 836 1090 986 1172; x_wconf 82' lang='lat' dir='ltr'>legatus,</span> <span class='ocrx_word' id='word_1_51' title='bbox 1011 1091 1107 1154; x_wconf 90' lang='lat' dir='ltr'>venit</span> <span class='ocrx_word' id='word_1_52' title='bbox 1122 1111 1157 1153; x_wconf 88' lang='lat' dir='ltr'>rn</span> <span class='ocrx_word' id='word_1_53' title='bbox 1172 1110 1259 1158; x_wconf 61' lang='lat' dir='ltr'>siun..</span> 
     </span>
     <span class='ocr_line' id='line_1_10' title="bbox 216 1161 1323 1269; baseline -0.005 -20"><span class='ocrx_word' id='word_1_54' title='bbox 216 1186 413 1261; x_wconf 89' lang='lat' dir='ltr'>Franciam,</span> <span class='ocrx_word' id='word_1_55' title='bbox 429 1187 548 1251; x_wconf 85' lang='lat' dir='ltr'>volens</span> <span class='ocrx_word' id='word_1_56' title='bbox 569 1187 714 1251; x_wconf 88' lang='lat' dir='ltr'>transire</span> <span class='ocrx_word' id='word_1_57' title='bbox 736 1189 772 1250; x_wconf 92' lang='lat' dir='ltr'>in</span> <span class='ocrx_word' id='word_1_58' title='bbox 793 1187 969 1268; x_wconf 81' lang='lat' dir='ltr'>Angliam,</span> <span class='ocrx_word' id='word_1_59' title='bbox 989 1189 1048 1269; x_wconf 91' lang='lat' dir='ltr'>qui</span> <span class='ocrx_word' id='word_1_60' title='bbox 1076 1190 1158 1269; x_wconf 92' lang='lat' dir='ltr'>quia</span> <span class='ocrx_word' id='word_1_61' title='bbox 1170 1161 1233 1209; x_wconf 62' lang='lat'><strong>”⁸⁹¹¹</strong></span> <span class='ocrx_word' id='word_1_62' title='bbox 1245 1162 1323 1210; x_wconf 46' lang='grc' dir='ltr'>Μ’·</span> 
     </span>
    </p>
   </div>
   <div class='ocr_carea' id='block_1_5' title="bbox 213 1284 1320 2052">
    <p class='ocr_par' dir='ltr' id='par_1_6' title="bbox 215 1284 1157 1368">
     <span class='ocr_line' id='line_1_11' title="bbox 215 1284 1157 1368; baseline 0.005 -22"><span class='ocrx_word' id='word_1_63' title='bbox 215 1284 250 1346; x_wconf 91' lang='lat' dir='ltr'>in</span> <span class='ocrx_word' id='word_1_64' title='bbox 274 1285 426 1349; x_wconf 89' lang='lat' dir='ltr'>savorem</span> <span class='ocrx_word' id='word_1_65' title='bbox 450 1288 541 1368; x_wconf 83' lang='lat' dir='ltr'>regis</span> <span class='ocrx_word' id='word_1_66' title='bbox 570 1299 604 1349; x_wconf 93' lang='lat' dir='ltr'>et</span> <span class='ocrx_word' id='word_1_67' title='bbox 628 1288 757 1368; x_wconf 81' lang='lat' dir='ltr'>reginae</span> <span class='ocrx_word' id='word_1_68' title='bbox 783 1288 899 1349; x_wconf 88' lang='lat' dir='ltr'>venire</span> <span class='ocrx_word' id='word_1_69' title='bbox 921 1306 943 1350; x_wconf 87' lang='lat' dir='ltr'>a</span> <span class='ocrx_word' id='word_1_70' title='bbox 969 1288 1157 1351; x_wconf 85' lang='lat' dir='ltr'>baronibus</span> 
     </span>
    </p>

    <p class='ocr_par' dir='ltr' id='par_1_7' title="bbox 215 1385 1156 1468">
     <span class='ocr_line' id='line_1_12' title="bbox 215 1385 1156 1468; baseline 0.004 -23"><span class='ocrx_word' id='word_1_71' title='bbox 215 1385 462 1460; x_wconf 86' lang='lat' dir='ltr'>arbitrabatur,</span> <span class='ocrx_word' id='word_1_72' title='bbox 471 1386 506 1447; x_wconf 93' lang='lat' dir='ltr'>in</span> <span class='ocrx_word' id='word_1_73' title='bbox 516 1385 677 1467; x_wconf 84' lang='lat' dir='ltr'>Angliam</span> <span class='ocrx_word' id='word_1_74' title='bbox 693 1394 829 1449; x_wconf 88' lang='lat' dir='ltr'>nonest</span> <span class='ocrx_word' id='word_1_75' title='bbox 844 1388 1031 1468; x_wconf 86' lang='lat' dir='ltr'>permissus</span> <span class='ocrx_word' id='word_1_76' title='bbox 1042 1386 1156 1468; x_wconf 90' lang='lat' dir='ltr'>appli-</span> 
     </span>
    </p>

    <p class='ocr_par' dir='ltr' id='par_1_8' title="bbox 214 1482 1310 1568">
     <span class='ocr_line' id='line_1_13' title="bbox 214 1482 1310 1568; baseline 0.001 -24"><span class='ocrx_word' id='word_1_77' title='bbox 214 1501 304 1546; x_wconf 88' lang='lat' dir='ltr'>care.</span> <span class='ocrx_word' id='word_1_78' title='bbox 355 1483 517 1546; x_wconf 87' lang='lat' dir='ltr'>Urbanus</span> <span class='ocrx_word' id='word_1_79' title='bbox 535 1482 658 1568; x_wconf 89' lang='lat' dir='ltr'>[papa]</span> <span class='ocrx_word' id='word_1_80' title='bbox 675 1485 760 1547; x_wconf 93' lang='lat' dir='ltr'>obiit</span> <span class='ocrx_word' id='word_1_81' title='bbox 778 1485 870 1565; x_wconf 90' lang='lat' dir='ltr'>apud</span> <span class='ocrx_word' id='word_1_82' title='bbox 885 1484 1068 1547; x_wconf 85' lang='lat' dir='ltr'>Perusiam</span> <span class='ocrx_word' id='word_1_83' title='bbox 1084 1484 1155 1548; x_wconf 89' lang='lat' dir='ltr'>kal.</span> <span class='ocrx_word' id='word_1_84' title='bbox 1170 1503 1310 1552; x_wconf 59' lang='lat' dir='ltr'>romulam</span> 
     </span>
    </p>

    <p class='ocr_par' dir='ltr' id='par_1_9' title="bbox 216 1553 1312 1763">
     <span class='ocr_line' id='line_1_14' title="bbox 216 1553 1254 1663; baseline 0.001 -20"><span class='ocrx_word' id='word_1_85' title='bbox 216 1580 342 1643; x_wconf 90' lang='lat' dir='ltr'>Octob.</span> <span class='ocrx_word' id='word_1_86' title='bbox 362 1582 399 1660; x_wconf 93' lang='lat' dir='ltr'>[l</span> <span class='ocrx_word' id='word_1_87' title='bbox 419 1581 525 1661; x_wconf 90' lang='lat' dir='ltr'>Oct.]‚</span> <span class='ocrx_word' id='word_1_88' title='bbox 543 1584 749 1663; x_wconf 88' lang='lat' dir='ltr'>vacavitque</span> <span class='ocrx_word' id='word_1_89' title='bbox 765 1583 865 1644; x_wconf 90' lang='lat' dir='ltr'>sedes</span> <span class='ocrx_word' id='word_1_90' title='bbox 883 1584 1058 1645; x_wconf 86' lang='lat' dir='ltr'>mensibus</span> <span class='ocrx_word' id='word_1_91' title='bbox 1076 1600 1123 1644; x_wconf 77' lang='grc' dir='ltr'>ιν.</span> <span class='ocrx_word' id='word_1_92' title='bbox 1171 1553 1254 1594; x_wconf 60' lang='grc' dir='ltr'>Μ’</span> 
     </span>
     <span class='ocr_line' id='line_1_15' title="bbox 266 1678 1312 1763; baseline -0.002 -21"><span class='ocrx_word' id='word_1_93' title='bbox 266 1678 580 1761; x_wconf 89' lang='lat' dir='ltr'>Gwido,quondam</span> <span class='ocrx_word' id='word_1_94' title='bbox 589 1679 850 1743; x_wconf 88' lang='lat' dir='ltr'>Narbounensis</span> <span class='ocrx_word' id='word_1_95' title='bbox 863 1680 1155 1763; x_wconf 85' lang='lat' dir='ltr'>archiepiscopus,</span> <span class='ocrx_word' id='word_1_96' title='bbox 1182 1701 1244 1740; x_wconf 75' lang='lat' dir='ltr'>aa.</span> <span class='ocrx_word' id='word_1_97' title='bbox 1256 1704 1312 1741; x_wconf 69' lang='lat'>120⁵.</span> 
     </span>
    </p>

    <p class='ocr_par' dir='ltr' id='par_1_10' title="bbox 213 1767 1320 1869">
     <span class='ocr_line' id='line_1_16' title="bbox 213 1767 1320 1869; baseline 0.004 -29"><span class='ocrx_word' id='word_1_98' title='bbox 213 1778 399 1841; x_wconf 89' lang='lat' dir='ltr'>cardinalis</span> <span class='ocrx_word' id='word_1_99' title='bbox 416 1780 598 1860; x_wconf 90' lang='lat' dir='ltr'>episcopus</span> <span class='ocrx_word' id='word_1_100' title='bbox 615 1778 825 1854; x_wconf 79' lang='lat' dir='ltr'>SabinensiS,</span> <span class='ocrx_word' id='word_1_101' title='bbox 842 1780 1043 1861; x_wconf 87' lang='lat' dir='ltr'>apostolicae</span> <span class='ocrx_word' id='word_1_102' title='bbox 1064 1781 1156 1869; x_wconf 84' lang='lat' dir='ltr'>sedis</span> <span class='ocrx_word' id='word_1_103' title='bbox 1169 1767 1320 1866; x_wconf 48' lang='grc' dir='ltr'>ξῖξοῗξέξξρῖζ</span> 
     </span>
    </p>

    <p class='ocr_par' dir='ltr' id='par_1_11' title="bbox 213 1874 1156 1960">
     <span class='ocr_line' id='line_1_17' title="bbox 213 1874 1156 1960; baseline 0.005 -24"><span class='ocrx_word' id='word_1_104' title='bbox 213 1874 364 1956; x_wconf 82' lang='lat' dir='ltr'>legatus,</span> <span class='ocrx_word' id='word_1_105' title='bbox 381 1877 492 1941; x_wconf 85' lang='lat' dir='ltr'>lactus</span> <span class='ocrx_word' id='word_1_106' title='bbox 507 1885 559 1940; x_wconf 89' lang='lat' dir='ltr'>est</span> <span class='ocrx_word' id='word_1_107' title='bbox 580 1896 683 1958; x_wconf 85' lang='lat' dir='ltr'>papa,</span> <span class='ocrx_word' id='word_1_108' title='bbox 701 1896 781 1941; x_wconf 92' lang='lat' dir='ltr'>non.</span> <span class='ocrx_word' id='word_1_109' title='bbox 803 1877 966 1940; x_wconf 86' lang='lat' dir='ltr'>Februar.</span> <span class='ocrx_word' id='word_1_110' title='bbox 985 1879 1022 1960; x_wconf 87' lang='grc'>[5</span> <span class='ocrx_word' id='word_1_111' title='bbox 1042 1878 1156 1958; x_wconf 89' lang='lat' dir='ltr'>Feb.],</span> 
     </span>
    </p>

    <p class='ocr_par' dir='ltr' id='par_1_12' title="bbox 213 1974 1288 2052">
     <span class='ocr_line' id='line_1_18' title="bbox 213 1974 1288 2052; baseline 0 -15"><span class='ocrx_word' id='word_1_112' title='bbox 213 1984 249 2037; x_wconf 90' lang='lat' dir='ltr'>et</span> <span class='ocrx_word' id='word_1_113' title='bbox 294 1975 406 2038; x_wconf 90' lang='lat' dir='ltr'>dictus</span> <span class='ocrx_word' id='word_1_114' title='bbox 445 1983 499 2038; x_wconf 91' lang='lat' dir='ltr'>est</span> <span class='ocrx_word' id='word_1_115' title='bbox 533 1975 702 2038; x_wconf 86' lang='lat' dir='ltr'>Clemens.</span> <span class='ocrx_word' id='word_1_116' title='bbox 755 1974 931 2038; x_wconf 90' lang='lat' dir='ltr'>Gilbertus</span> <span class='ocrx_word' id='word_1_117' title='bbox 966 1975 1008 2039; x_wconf 93' lang='lat' dir='ltr'>de</span> <span class='ocrx_word' id='word_1_118' title='bbox 1041 1976 1156 2052; x_wconf 88' lang='lat' dir='ltr'>Clare,</span> <span class='ocrx_word' id='word_1_119' title='bbox 1170 1996 1288 2037; x_wconf 62' lang='lat' dir='ltr'>anama</span> 
     </span>
    </p>
   </div>
   <div class='ocr_carea' id='block_1_6' title="bbox 212 2045 1298 2154">
    <p class='ocr_par' dir='ltr' id='par_1_13' title="bbox 212 2045 1298 2154">
     <span class='ocr_line' id='line_1_19' title="bbox 212 2045 1298 2154; baseline 0.002 -20"><span class='ocrx_word' id='word_1_120' title='bbox 212 2090 328 2135; x_wconf 92' lang='lat' dir='ltr'>comes</span> <span class='ocrx_word' id='word_1_121' title='bbox 346 2071 556 2148; x_wconf 85' lang='lat' dir='ltr'>Gloverniae,</span> <span class='ocrx_word' id='word_1_122' title='bbox 572 2081 607 2136; x_wconf 86' lang='lat' dir='ltr'>et</span> <span class='ocrx_word' id='word_1_123' title='bbox 628 2072 687 2136; x_wconf 88' lang='lat' dir='ltr'>alii</span> <span class='ocrx_word' id='word_1_124' title='bbox 707 2072 824 2154; x_wconf 90' lang='lat' dir='ltr'>plures</span> <span class='ocrx_word' id='word_1_125' title='bbox 841 2091 918 2135; x_wconf 92' lang='lat' dir='ltr'>cum</span> <span class='ocrx_word' id='word_1_126' title='bbox 935 2092 989 2150; x_wconf 88' lang='lat' dir='ltr'>eo,</span> <span class='ocrx_word' id='word_1_127' title='bbox 1004 2093 1155 2137; x_wconf 91' lang='lat' dir='ltr'>recesse·</span> <span class='ocrx_word' id='word_1_128' title='bbox 1168 2045 1298 2144; x_wconf 55' lang='lat' dir='ltr'>illeille</span> 
     </span>
    </p>
   </div>
   <div class='ocr_carea' id='block_1_7' title="bbox 212 2145 1310 2248">
    <p class='ocr_par' dir='ltr' id='par_1_14' title="bbox 212 2145 1310 2248">
     <span class='ocr_line' id='line_1_20' title="bbox 212 2145 1310 2248; baseline 0.002 -16"><span class='ocrx_word' id='word_1_129' title='bbox 212 2178 294 2234; x_wconf 87' lang='lat' dir='ltr'>runt</span> <span class='ocrx_word' id='word_1_130' title='bbox 320 2190 341 2234; x_wconf 89' lang='lat' dir='ltr'>a</span> <span class='ocrx_word' id='word_1_131' title='bbox 367 2172 492 2236; x_wconf 87' lang='lat' dir='ltr'>comite</span> <span class='ocrx_word' id='word_1_132' title='bbox 519 2170 726 2246; x_wconf 89' lang='lat' dir='ltr'>Leicestriae,</span> <span class='ocrx_word' id='word_1_133' title='bbox 749 2172 793 2234; x_wconf 94' lang='lat' dir='ltr'>ob</span> <span class='ocrx_word' id='word_1_134' title='bbox 815 2172 930 2234; x_wconf 86' lang='lat' dir='ltr'>varias</span> <span class='ocrx_word' id='word_1_135' title='bbox 957 2190 1094 2248; x_wconf 87' lang='lat' dir='ltr'>causas,</span> <span class='ocrx_word' id='word_1_136' title='bbox 1121 2180 1157 2236; x_wconf 89' lang='lat' dir='ltr'>et</span> <span class='ocrx_word' id='word_1_137' title='bbox 1169 2145 1310 2235; x_wconf 40' lang='lat' dir='ltr'>illabili</span> 
     </span>
    </p>
   </div>
   <div class='ocr_carea' id='block_1_8' title="bbox 210 2269 1384 2645">
    <p class='ocr_par' dir='ltr' id='par_1_15' title="bbox 210 2269 1384 2645">
     <span class='ocr_line' id='line_1_21' title="bbox 212 2269 1155 2352; baseline 0.003 -20"><span class='ocrx_word' id='word_1_138' title='bbox 212 2269 364 2334; x_wconf 86' lang='lat' dir='ltr'>maxime</span> <span class='ocrx_word' id='word_1_139' title='bbox 399 2270 504 2352; x_wconf 92' lang='lat' dir='ltr'>quod,</span> <span class='ocrx_word' id='word_1_140' title='bbox 535 2277 614 2351; x_wconf 90' lang='lat' dir='ltr'>post</span> <span class='ocrx_word' id='word_1_141' title='bbox 643 2270 771 2333; x_wconf 90' lang='lat' dir='ltr'>bellum</span> <span class='ocrx_word' id='word_1_142' title='bbox 806 2269 982 2346; x_wconf 87' lang='lat' dir='ltr'>Lewense,</span> <span class='ocrx_word' id='word_1_143' title='bbox 1012 2271 1155 2352; x_wconf 89' lang='lat' dir='ltr'>partitio</span> 
     </span>
     <span class='ocr_line' id='line_1_22' title="bbox 211 2368 1155 2451; baseline 0.002 -21"><span class='ocrx_word' id='word_1_144' title='bbox 211 2375 406 2431; x_wconf 89' lang='lat' dir='ltr'>castrorum</span> <span class='ocrx_word' id='word_1_145' title='bbox 438 2377 472 2432; x_wconf 91' lang='lat' dir='ltr'>et</span> <span class='ocrx_word' id='word_1_146' title='bbox 503 2369 757 2451; x_wconf 87' lang='lat' dir='ltr'>possessionum</span> <span class='ocrx_word' id='word_1_147' title='bbox 788 2387 857 2431; x_wconf 93' lang='lat' dir='ltr'>non</span> <span class='ocrx_word' id='word_1_148' title='bbox 884 2368 949 2432; x_wconf 84' lang='lat' dir='ltr'>fuit</span> <span class='ocrx_word' id='word_1_149' title='bbox 976 2370 1068 2432; x_wconf 89' lang='lat' dir='ltr'>inter</span> <span class='ocrx_word' id='word_1_150' title='bbox 1095 2388 1155 2433; x_wconf 87' lang='lat' dir='ltr'>eos</span> 
     </span>
     <span class='ocr_line' id='line_1_23' title="bbox 213 2465 1154 2547; baseline 0.004 -20"><span class='ocrx_word' id='word_1_151' title='bbox 213 2471 307 2528; x_wconf 87' lang='lat' dir='ltr'>recte</span> <span class='ocrx_word' id='word_1_152' title='bbox 333 2466 457 2543; x_wconf 90' lang='lat' dir='ltr'>divisa,</span> <span class='ocrx_word' id='word_1_153' title='bbox 477 2474 518 2530; x_wconf 91' lang='lat' dir='ltr'>ut</span> <span class='ocrx_word' id='word_1_154' title='bbox 540 2467 690 2543; x_wconf 82' lang='lat' dir='ltr'>aiebant,</span> <span class='ocrx_word' id='word_1_155' title='bbox 712 2465 902 2529; x_wconf 87' lang='lat' dir='ltr'>secundum</span> <span class='ocrx_word' id='word_1_156' title='bbox 924 2468 1154 2547; x_wconf 84' lang='lat' dir='ltr'>quantitatem</span> 
     </span>
     <span class='ocr_line' id='line_1_24' title="bbox 210 2563 1384 2645; baseline -0.002 -20"><span class='ocrx_word' id='word_1_157' title='bbox 210 2571 412 2645; x_wconf 91' lang='lat' dir='ltr'>sumptuum</span> <span class='ocrx_word' id='word_1_158' title='bbox 437 2573 472 2628; x_wconf 90' lang='lat' dir='ltr'>et</span> <span class='ocrx_word' id='word_1_159' title='bbox 505 2565 643 2628; x_wconf 79' lang='lat' dir='ltr'>laboris</span> <span class='ocrx_word' id='word_1_160' title='bbox 696 2563 863 2641; x_wconf 89' lang='lat' dir='ltr'>Karolus,</span> <span class='ocrx_word' id='word_1_161' title='bbox 890 2584 1004 2628; x_wconf 88' lang='lat' dir='ltr'>comes</span> <span class='ocrx_word' id='word_1_162' title='bbox 1036 2564 1155 2629; x_wconf 88' lang='lat' dir='ltr'>Ande·</span> <span class='ocrx_word' id='word_1_163' title='bbox 1169 2587 1289 2627; x_wconf 65' lang='lat' dir='ltr'>charan</span> <span class='ocrx_word' id='word_1_164' title='bbox 1380 2617 1384 2623; x_wconf 91' lang='lat'>.</span> 
     </span>
    </p>
   </div>
   <div class='ocr_carea' id='block_1_9' title="bbox 209 2639 1313 2744">
    <p class='ocr_par' dir='ltr' id='par_1_16' title="bbox 209 2639 1313 2744">
     <span class='ocr_line' id='line_1_25' title="bbox 209 2639 1313 2744; baseline 0 -19"><span class='ocrx_word' id='word_1_165' title='bbox 209 2662 336 2742; x_wconf 81' lang='lat' dir='ltr'>gaviae,</span> <span class='ocrx_word' id='word_1_166' title='bbox 364 2663 401 2726; x_wconf 94' lang='lat' dir='ltr'>in</span> <span class='ocrx_word' id='word_1_167' title='bbox 423 2682 538 2743; x_wconf 85' lang='lat' dir='ltr'>regem</span> <span class='ocrx_word' id='word_1_168' title='bbox 565 2662 691 2726; x_wconf 87' lang='lat' dir='ltr'>Siciliae</span> <span class='ocrx_word' id='word_1_169' title='bbox 716 2657 751 2726; x_wconf 88' lang='lat' dir='ltr'>et</span> <span class='ocrx_word' id='word_1_170' title='bbox 773 2661 913 2744; x_wconf 86' lang='lat' dir='ltr'>Apuliae</span> <span class='ocrx_word' id='word_1_171' title='bbox 938 2664 1068 2727; x_wconf 90' lang='lat' dir='ltr'>electus</span> <span class='ocrx_word' id='word_1_172' title='bbox 1092 2672 1155 2727; x_wconf 88' lang='lat' dir='ltr'>est.</span> <span class='ocrx_word' id='word_1_173' title='bbox 1169 2639 1250 2726; x_wconf 68' lang='lat' dir='ltr'>lilii</span> <span class='ocrx_word' id='word_1_174' title='bbox 1259 2687 1313 2736; x_wconf 71' lang='lat' dir='ltr'>ung</span> 
     </span>
    </p>
   </div>
   <div class='ocr_carea' id='block_1_10' title="bbox 210 2737 1272 2842">
    <p class='ocr_par' dir='ltr' id='par_1_17' title="bbox 210 2737 1272 2842">
     <span class='ocr_line' id='line_1_26' title="bbox 210 2737 1272 2842; baseline -0.006 -18"><span class='ocrx_word' id='word_1_175' title='bbox 210 2758 394 2824; x_wconf 87' lang='lat' dir='ltr'>Senatoria</span> <span class='ocrx_word' id='word_1_176' title='bbox 410 2763 515 2825; x_wconf 91' lang='lat' dir='ltr'>etiam</span> <span class='ocrx_word' id='word_1_177' title='bbox 537 2761 705 2842; x_wconf 79' lang='lat' dir='ltr'>dignitate</span> <span class='ocrx_word' id='word_1_178' title='bbox 727 2761 943 2838; x_wconf 89' lang='lat' dir='ltr'>sublimatus,</span> <span class='ocrx_word' id='word_1_179' title='bbox 959 2761 1156 2826; x_wconf 88' lang='lat' dir='ltr'>Romanam</span> <span class='ocrx_word' id='word_1_180' title='bbox 1169 2737 1272 2785; x_wconf 72' lang='lat'>⁰¹⁸¹⁶¹¹&#39;&#39;</span> 
     </span>
    </p>
   </div>
   <div class='ocr_carea' id='block_1_11' title="bbox 207 2854 1319 4019">
    <p class='ocr_par' dir='ltr' id='par_1_18' title="bbox 210 2854 1155 2941">
     <span class='ocr_line' id='line_1_27' title="bbox 210 2854 1155 2941; baseline 0.005 -22"><span class='ocrx_word' id='word_1_181' title='bbox 210 2860 330 2920; x_wconf 91' lang='lat' dir='ltr'>urbem</span> <span class='ocrx_word' id='word_1_182' title='bbox 361 2859 481 2941; x_wconf 85' lang='lat' dir='ltr'>vigilia</span> <span class='ocrx_word' id='word_1_183' title='bbox 513 2858 735 2924; x_wconf 88' lang='lat' dir='ltr'>Pentecostes</span> <span class='ocrx_word' id='word_1_184' title='bbox 768 2854 828 2941; x_wconf 78' lang='lat'>[23</span> <span class='ocrx_word' id='word_1_185' title='bbox 862 2859 966 2941; x_wconf 89' lang='lat' dir='ltr'>Maii]</span> <span class='ocrx_word' id='word_1_186' title='bbox 981 2888 983 2892; x_wconf 36' lang='lat'>³</span> <span class='ocrx_word' id='word_1_187' title='bbox 998 2860 1155 2924; x_wconf 83' lang='lat' dir='ltr'>intravit.</span> 
     </span>
    </p>

    <p class='ocr_par' dir='ltr' id='par_1_19' title="bbox 209 2956 1319 3327">
     <span class='ocr_line' id='line_1_28' title="bbox 211 2956 1246 3039; baseline 0.002 -21"><span class='ocrx_word' id='word_1_188' title='bbox 211 2956 263 3019; x_wconf 91' lang='lat' dir='ltr'>Eo</span> <span class='ocrx_word' id='word_1_189' title='bbox 286 2964 453 3039; x_wconf 88' lang='lat' dir='ltr'>tempore,</span> <span class='ocrx_word' id='word_1_190' title='bbox 478 2957 681 3034; x_wconf 74' lang='lat' dir='ltr'>EdwarduS,</span> <span class='ocrx_word' id='word_1_191' title='bbox 705 2957 796 3019; x_wconf 87' lang='lat' dir='ltr'>filius</span> <span class='ocrx_word' id='word_1_192' title='bbox 817 2959 908 3038; x_wconf 84' lang='lat' dir='ltr'>regis</span> <span class='ocrx_word' id='word_1_193' title='bbox 931 2957 1084 3037; x_wconf 79' lang='lat' dir='ltr'>Angliae‚</span> <span class='ocrx_word' id='word_1_194' title='bbox 1112 2959 1156 3022; x_wconf 91' lang='lat' dir='ltr'>de</span> <span class='ocrx_word' id='word_1_195' title='bbox 1169 2981 1246 3020; x_wconf 66' lang='lat' dir='ltr'>anna</span> 
     </span>
     <span class='ocr_line' id='line_1_29' title="bbox 209 3031 1319 3136; baseline 0.003 -20"><span class='ocrx_word' id='word_1_196' title='bbox 209 3055 370 3118; x_wconf 89' lang='lat' dir='ltr'>custodia</span> <span class='ocrx_word' id='word_1_197' title='bbox 387 3056 542 3131; x_wconf 90' lang='lat' dir='ltr'>eductus,</span> <span class='ocrx_word' id='word_1_198' title='bbox 558 3074 635 3119; x_wconf 91' lang='lat' dir='ltr'>cum</span> <span class='ocrx_word' id='word_1_199' title='bbox 653 3073 734 3136; x_wconf 81' lang='lat' dir='ltr'>rege</span> <span class='ocrx_word' id='word_1_200' title='bbox 758 3063 794 3117; x_wconf 90' lang='lat' dir='ltr'>et</span> <span class='ocrx_word' id='word_1_201' title='bbox 815 3057 939 3119; x_wconf 89' lang='lat' dir='ltr'>comito</span> <span class='ocrx_word' id='word_1_202' title='bbox 956 3055 1156 3119; x_wconf 88' lang='lat' dir='ltr'>Leicestriae</span> <span class='ocrx_word' id='word_1_203' title='bbox 1169 3031 1319 3130; x_wconf 53' lang='lat' dir='ltr'>{mnan</span> 
     </span>
     <span class='ocr_line' id='line_1_30' title="bbox 209 3130 1281 3230; baseline 0.002 -15"><span class='ocrx_word' id='word_1_204' title='bbox 209 3154 432 3217; x_wconf 86' lang='lat' dir='ltr'>circumcirca</span> <span class='ocrx_word' id='word_1_205' title='bbox 454 3154 656 3230; x_wconf 82' lang='lat' dir='ltr'>deducitur3</span> <span class='ocrx_word' id='word_1_206' title='bbox 680 3153 820 3217; x_wconf 92' lang='lat' dir='ltr'>tandem</span> <span class='ocrx_word' id='word_1_207' title='bbox 849 3161 1016 3216; x_wconf 89' lang='lat' dir='ltr'>venerunt</span> <span class='ocrx_word' id='word_1_208' title='bbox 1045 3155 1156 3218; x_wconf 88' lang='lat' dir='ltr'>Here·</span> <span class='ocrx_word' id='word_1_209' title='bbox 1170 3130 1281 3170; x_wconf 50' lang='lat' dir='ltr'>mm</span> 
     </span>
     <span class='ocr_line' id='line_1_31' title="bbox 209 3250 1157 3327; baseline 0.005 -16"><span class='ocrx_word' id='word_1_210' title='bbox 209 3250 368 3327; x_wconf 88' lang='lat' dir='ltr'>fordiam,</span> <span class='ocrx_word' id='word_1_211' title='bbox 392 3252 450 3314; x_wconf 90' lang='lat' dir='ltr'>ubi</span> <span class='ocrx_word' id='word_1_212' title='bbox 472 3252 584 3315; x_wconf 89' lang='lat' dir='ltr'>dictus</span> <span class='ocrx_word' id='word_1_213' title='bbox 602 3251 804 3326; x_wconf 86' lang='lat' dir='ltr'>Edwardus,</span> <span class='ocrx_word' id='word_1_214' title='bbox 827 3251 869 3315; x_wconf 91' lang='lat' dir='ltr'>de</span> <span class='ocrx_word' id='word_1_215' title='bbox 892 3252 1052 3315; x_wconf 89' lang='lat' dir='ltr'>custodia</span> <span class='ocrx_word' id='word_1_216' title='bbox 1074 3253 1157 3316; x_wconf 90' lang='lat' dir='ltr'>dicti</span> 
     </span>
    </p>

    <p class='ocr_par' dir='ltr' id='par_1_20' title="bbox 209 3347 1158 3425">
     <span class='ocr_line' id='line_1_32' title="bbox 209 3347 1158 3425; baseline 0.002 -15"><span class='ocrx_word' id='word_1_217' title='bbox 209 3350 345 3412; x_wconf 90' lang='lat' dir='ltr'>comitis</span> <span class='ocrx_word' id='word_1_218' title='bbox 360 3350 547 3425; x_wconf 91' lang='lat' dir='ltr'>declinans,</span> <span class='ocrx_word' id='word_1_219' title='bbox 561 3350 604 3412; x_wconf 91' lang='lat' dir='ltr'>ad</span> <span class='ocrx_word' id='word_1_220' title='bbox 622 3350 783 3412; x_wconf 90' lang='lat' dir='ltr'>comitem</span> <span class='ocrx_word' id='word_1_221' title='bbox 798 3347 997 3413; x_wconf 88' lang='lat' dir='ltr'>Gloverniae</span> <span class='ocrx_word' id='word_1_222' title='bbox 1013 3358 1049 3412; x_wconf 91' lang='lat' dir='ltr'>et</span> <span class='ocrx_word' id='word_1_223' title='bbox 1066 3370 1158 3413; x_wconf 90' lang='lat' dir='ltr'>mar·</span> 
     </span>
    </p>

    <p class='ocr_par' dir='ltr' id='par_1_21' title="bbox 208 3447 1158 3529">
     <span class='ocr_line' id='line_1_33' title="bbox 208 3447 1158 3529; baseline 0.001 -20"><span class='ocrx_word' id='word_1_224' title='bbox 208 3447 348 3511; x_wconf 90' lang='lat' dir='ltr'>chioues</span> <span class='ocrx_word' id='word_1_225' title='bbox 384 3468 490 3529; x_wconf 90' lang='lat' dir='ltr'>prope</span> <span class='ocrx_word' id='word_1_226' title='bbox 522 3448 712 3510; x_wconf 81' lang='lat' dir='ltr'>existentes</span> <span class='ocrx_word' id='word_1_227' title='bbox 744 3448 868 3521; x_wconf 89' lang='lat' dir='ltr'>evasit,</span> <span class='ocrx_word' id='word_1_228' title='bbox 896 3467 928 3510; x_wconf 85' lang='lat' dir='ltr'>v.</span> <span class='ocrx_word' id='word_1_229' title='bbox 957 3447 1027 3510; x_wconf 85' lang='lat' dir='ltr'>kal.</span> <span class='ocrx_word' id='word_1_230' title='bbox 1060 3449 1158 3512; x_wconf 90' lang='lat' dir='ltr'>Junii</span> 
     </span>
    </p>

    <p class='ocr_par' dir='ltr' id='par_1_22' title="bbox 209 3544 1158 3725">
     <span class='ocr_line' id='line_1_34' title="bbox 209 3544 1158 3630; baseline 0 -22"><span class='ocrx_word' id='word_1_231' title='bbox 209 3545 269 3624; x_wconf 79' lang='lat'>[28</span> <span class='ocrx_word' id='word_1_232' title='bbox 287 3544 390 3630; x_wconf 88' lang='lat' dir='ltr'>Maii]</span> <span class='ocrx_word' id='word_1_233' title='bbox 406 3567 414 3624; x_wconf 92' lang='lat'><strong>;</strong></span> <span class='ocrx_word' id='word_1_234' title='bbox 449 3566 530 3627; x_wconf 84' lang='lat' dir='ltr'>rege</span> <span class='ocrx_word' id='word_1_235' title='bbox 550 3547 585 3607; x_wconf 92' lang='lat' dir='ltr'>in</span> <span class='ocrx_word' id='word_1_236' title='bbox 603 3547 760 3627; x_wconf 89' lang='lat' dir='ltr'>partibus</span> <span class='ocrx_word' id='word_1_237' title='bbox 775 3545 916 3609; x_wconf 84' lang='lat' dir='ltr'>Walliae</span> <span class='ocrx_word' id='word_1_238' title='bbox 938 3565 1016 3608; x_wconf 92' lang='lat' dir='ltr'>cum</span> <span class='ocrx_word' id='word_1_239' title='bbox 1033 3547 1158 3609; x_wconf 92' lang='lat' dir='ltr'>comite</span> 
     </span>
     <span class='ocr_line' id='line_1_35' title="bbox 209 3642 1157 3725; baseline 0.003 -21"><span class='ocrx_word' id='word_1_240' title='bbox 209 3642 409 3708; x_wconf 90' lang='lat' dir='ltr'>Leicestriae</span> <span class='ocrx_word' id='word_1_241' title='bbox 424 3645 460 3707; x_wconf 93' lang='lat' dir='ltr'>in</span> <span class='ocrx_word' id='word_1_242' title='bbox 473 3645 636 3723; x_wconf 87' lang='lat' dir='ltr'>angustia</span> <span class='ocrx_word' id='word_1_243' title='bbox 645 3662 771 3724; x_wconf 79' lang='lat' dir='ltr'>magna</span> <span class='ocrx_word' id='word_1_244' title='bbox 785 3652 821 3707; x_wconf 91' lang='lat' dir='ltr'>et</span> <span class='ocrx_word' id='word_1_245' title='bbox 836 3645 980 3725; x_wconf 88' lang='lat' dir='ltr'>penuria</span> <span class='ocrx_word' id='word_1_246' title='bbox 996 3644 1157 3725; x_wconf 83' lang='lat' dir='ltr'>degente,</span> 
     </span>
    </p>

    <p class='ocr_par' dir='ltr' id='par_1_23' title="bbox 208 3740 1158 3823">
     <span class='ocr_line' id='line_1_36' title="bbox 208 3740 1158 3823; baseline 0.001 -20"><span class='ocrx_word' id='word_1_247' title='bbox 208 3760 249 3804; x_wconf 90' lang='lat' dir='ltr'>eo</span> <span class='ocrx_word' id='word_1_248' title='bbox 273 3743 365 3822; x_wconf 90' lang='lat' dir='ltr'>quod</span> <span class='ocrx_word' id='word_1_249' title='bbox 390 3760 504 3804; x_wconf 91' lang='lat' dir='ltr'>comes</span> <span class='ocrx_word' id='word_1_250' title='bbox 529 3740 727 3804; x_wconf 87' lang='lat' dir='ltr'>Gloverniae</span> <span class='ocrx_word' id='word_1_251' title='bbox 755 3750 790 3804; x_wconf 92' lang='lat' dir='ltr'>et</span> <span class='ocrx_word' id='word_1_252' title='bbox 813 3743 970 3823; x_wconf 92' lang='lat' dir='ltr'>quicum</span> <span class='ocrx_word' id='word_1_253' title='bbox 992 3761 1033 3805; x_wconf 92' lang='lat' dir='ltr'>eo</span> <span class='ocrx_word' id='word_1_254' title='bbox 1057 3750 1158 3804; x_wconf 87' lang='lat' dir='ltr'>eraut</span> 
     </span>
    </p>

    <p class='ocr_par' dir='ltr' id='par_1_24' title="bbox 207 3838 1316 4019">
     <span class='ocr_line' id='line_1_37' title="bbox 207 3838 1156 3921; baseline 0 -19"><span class='ocrx_word' id='word_1_255' title='bbox 207 3859 276 3902; x_wconf 92' lang='lat' dir='ltr'>non</span> <span class='ocrx_word' id='word_1_256' title='bbox 299 3840 548 3921; x_wconf 89' lang='lat' dir='ltr'>permittebant</span> <span class='ocrx_word' id='word_1_257' title='bbox 566 3857 625 3900; x_wconf 90' lang='lat' dir='ltr'>eos</span> <span class='ocrx_word' id='word_1_258' title='bbox 648 3857 769 3902; x_wconf 85' lang='lat' dir='ltr'>versus</span> <span class='ocrx_word' id='word_1_259' title='bbox 791 3838 955 3918; x_wconf 80' lang='lat' dir='ltr'>Angliam</span> <span class='ocrx_word' id='word_1_260' title='bbox 972 3838 1156 3902; x_wconf 87' lang='lat' dir='ltr'>declinare.</span> 
     </span>
     <span class='ocr_line' id='line_1_38' title="bbox 208 3935 1316 4019; baseline -0.004 -19"><span class='ocrx_word' id='word_1_261' title='bbox 208 3937 353 4000; x_wconf 88' lang='lat' dir='ltr'>Interim</span> <span class='ocrx_word' id='word_1_262' title='bbox 370 3937 499 4019; x_wconf 90' lang='lat' dir='ltr'>Symon</span> <span class='ocrx_word' id='word_1_263' title='bbox 523 3936 565 3998; x_wconf 88' lang='lat' dir='ltr'>de</span> <span class='ocrx_word' id='word_1_264' title='bbox 589 3935 822 4010; x_wconf 90' lang='lat' dir='ltr'>Monte-forti,</span> <span class='ocrx_word' id='word_1_265' title='bbox 840 3935 931 3998; x_wconf 91' lang='lat' dir='ltr'>iilius</span> <span class='ocrx_word' id='word_1_266' title='bbox 953 3955 1002 3999; x_wconf 93' lang='lat' dir='ltr'>sc.</span> <span class='ocrx_word' id='word_1_267' title='bbox 1022 3939 1157 4000; x_wconf 91' lang='lat' dir='ltr'>comitis</span> <span class='ocrx_word' id='word_1_268' title='bbox 1168 3956 1316 4007; x_wconf 56' lang='lat' dir='ltr'>maynunga</span> 
     </span>
    </p>
   </div>
   <div class='ocr_carea' id='block_1_12' title="bbox 208 4007 1273 4116">
    <p class='ocr_par' dir='ltr' id='par_1_25' title="bbox 208 4007 1273 4116">
     <span class='ocr_line' id='line_1_39' title="bbox 208 4007 1273 4116; baseline -0.003 -18"><span class='ocrx_word' id='word_1_269' title='bbox 208 4036 419 4112; x_wconf 82' lang='lat' dir='ltr'>Leicestriae,</span> <span class='ocrx_word' id='word_1_270' title='bbox 450 4035 485 4099; x_wconf 90' lang='lat' dir='ltr'>vi</span> <span class='ocrx_word' id='word_1_271' title='bbox 517 4043 552 4098; x_wconf 87' lang='lat' dir='ltr'>et</span> <span class='ocrx_word' id='word_1_272' title='bbox 583 4035 688 4096; x_wconf 90' lang='lat' dir='ltr'>armis</span> <span class='ocrx_word' id='word_1_273' title='bbox 715 4033 933 4098; x_wconf 90' lang='lat' dir='ltr'>Wintoniam</span> <span class='ocrx_word' id='word_1_274' title='bbox 965 4007 1273 4116; x_wconf 59' lang='lat' dir='ltr'>ingressusliiii‘ssr&#39;i</span> 
     </span>
    </p>
   </div>
   <div class='ocr_carea' id='block_1_13' title="bbox 254 4174 1003 4221">
    <p class='ocr_par' dir='ltr' id='par_1_26' title="bbox 254 4174 1003 4221">
     <span class='ocr_line' id='line_1_40' title="bbox 254 4174 1003 4221; baseline 0.003 -2"><span class='ocrx_word' id='word_1_275' title='bbox 254 4175 340 4220; x_wconf 88' lang='grc' dir='ltr'><strong>ΤΟΜ.</strong></span> <span class='ocrx_word' id='word_1_276' title='bbox 357 4174 394 4220; x_wconf 89' lang='lat'>11.</span> <span class='ocrx_word' id='word_1_277' title='bbox 983 4176 1003 4221; x_wconf 94' lang='lat'>0</span> 
     </span>
    </p>
   </div>
   <div class='ocr_carea' id='block_1_14' title="bbox 0 0 1542 4508">
    <p class='ocr_par' dir='ltr' id='par_1_27' title="bbox 0 0 1542 4508">
     <span class='ocr_line' id='line_1_41' title="bbox 0 0 1542 4508; baseline 0 1"><span class='ocrx_word' id='word_1_278' title='bbox 0 0 1542 4508; x_wconf 95' lang='lat' dir='ltr'> </span> 
     </span>
    </p>
   </div>
  </div>
 </body>
</html>
