3074 4508
369 362 435 426 262
617 377 865 426 conrruuavro
889 376 1065 426 curtorucr

370 535 508 613 mensis,
523 546 693 601 venerunt
720 553 820 617 reges
847 532 891 596 ad
920 531 1205 614 Gaidingtonam,
1220 536 1256 593 et
1272 528 1321 592 ibi

371 634 406 697 in
452 637 605 699 crastino
644 655 775 699 moram
813 634 981 698 fecerunt
1043 632 1090 695 Et
1125 632 1161 694 in
1199 628 1321 709 vigilia

372 733 518 796 Paschae
535 733 573 813 [9
592 732 697 815 Apn]
712 740 885 796 venerunt
900 732 1001 796 iidem
1021 748 1121 812 reges
1138 728 1182 791 ad
1205 726 1322 791 Nortl·

370 831 584 905 hamtonam,
625 840 660 894 et
698 830 753 893 die
797 832 954 911 sequenti
994 831 1151 894 iecerunt
1192 844 1322 889 moram

370 929 510 992 ibidem.
565 928 636 992 Ubi
658 948 721 993 rex
736 927 891 1009 Angliae,
907 929 1027 992 habito
1049 947 1128 992 cum
1152 924 1323 1007 episcopis

371 1035 407 1091 et
422 1029 646 1109 magnatibus
662 1027 800 1109 Angliae
817 1045 894 1089 oum
908 1026 1155 1090 deliberatione
1167 1022 1323 1098 oonsilio,

371 1126 550 1207 respondit
566 1126 641 1207 regi
658 1125 868 1203 Scottorum,
885 1125 978 1207 qnod
995 1125 1194 1207 petitionem
1211 1138 1323 1196 suam,

371 1243 475 1307 quam
511 1224 641 1289 iecerat
672 1225 715 1288 de
748 1223 1019 1299 Nordhumbria,
1056 1223 1153 1286 nulla
1191 1220 1325 1284 ratione

370 1322 484 1387 facere
499 1323 676 1400 debueret,
700 1332 735 1387 et
759 1325 910 1387 maxime
926 1323 995 1386 illis
1012 1322 1133 1385 diebus
1149 1319 1325 1402 inquibus

372 1442 490 1487 omnes
516 1422 588 1487 sore
611 1424 781 1506 principes
800 1424 899 1505 regni
918 1423 1130 1487 Francorum
1145 1418 1229 1483 sacti
1242 1423 1325 1480 sunt

372 1523 404 1584 ei
432 1523 570 1586 inimici.
633 1523 725 1586 Nam
759 1523 789 1586 si
814 1524 881 1587 hoc
908 1524 940 1586 ei
971 1521 1121 1595 iecisset,
1151 1517 1325 1582 videretur

372 1621 463 1698 quod
486 1621 552 1684 hoc
572 1640 654 1700 mag
655 1623 685 1683 is
709 1641 753 1683 ex
771 1623 894 1684 timore
918 1619 1130 1702 procederet,
1152 1636 1256 1698 quam
1279 1634 1323 1678 ex

209 1731 313 1827 {¹5⁰”l‘
372 1717 566 1782 dilectione.
608 1719 741 1782 Tamen
758 1738 817 1780 rex
834 1718 1030 1798 Angliae‚in
1049 1717 1234 1798 praesentia
1250 1731 1324 1776 ma·

208 1828 338 1869 serundo
373 1815 436 1877 tris
458 1834 529 1877 suae
553 1815 741 1891 Alienorae,
765 1824 800 1880 et
821 1816 1009 1878 multorum
1027 1815 1267 1896 episcoporum
1289 1817 1326 1874 et

207 1880 305 1919 tabere·

206 1914 536 2017 ervumgncomitum
560 1922 596 1978 et
621 1917 789 1978 baronum
816 1915 998 2028 utriusque
1019 1914 1129 1994 regni,
1155 1911 1326 1975 concessit

206 1982 330 2126 ffifffi
370 2019 406 2075 et
392 2012 659 2078 tconiirmavit
696 2013 885 2090 willelmo,
926 2013 1000 2094 regi
1039 2012 1249 2086 Scottorum,
1288 2016 1325 2073 et

208 2127 334 2216 'nu'ri‘sffl‘
370 2111 564 2175 haeredibus
590 2113 662 2175 suis
678 2112 716 2175 in
737 2119 954 2194 perpetuum,
969 2110 1062 2191 quod
1084 2127 1327 2192 quumcunque

208 2187 277 2267 enit
372 2210 452 2291 ipsi,
490 2229 554 2291 per
598 2210 896 2273 summonitionem
935 2227 1056 2290 regum
1093 2206 1244 2288 Angliae,
1281 2206 1326 2269 ad

372 2308 503 2370 curiam
525 2326 627 2371 suam
643 2309 793 2383 venient,
815 2308 999 2390 episcopus
1022 2305 1269 2370 Dunelmensis
1290 2311 1327 2368 et

372 2406 566 2469 vicecomes
586 2405 849 2471 Nordhumbriae
867 2407 1033 2488 recipient
1046 2424 1124 2468 eum
1140 2404 1185 2468 ad
1200 2422 1326 2485 aquam

372 2503 416 2567 de
431 2504 573 2583 Twede,
595 2506 688 2570 etin
712 2506 809 2569 salvo
832 2506 1006 2569 conductu
1028 2503 1155 2567 ducent
1180 2522 1260 2566 eum
1281 2502 1326 2565 ad

373 2621 500 2684 aquam
515 2604 559 2667 de
575 2604 703 2687 Teyse,
718 2613 753 2668 et
774 2605 822 2667 ibi
837 2603 1005 2686 recipient
1019 2622 1080 2667 eos
1097 2601 1327 2683 archiepisco-

373 2720 439 2782 pus
462 2709 497 2765 et
521 2703 714 2766 vicecomes
738 2703 982 2776 Eboracensis,
1005 2708 1041 2765 et
1061 2702 1098 2763 in
1117 2701 1217 2764 salvo
1244 2718 1326 2763 con-

373 2799 482 2862 ductu
505 2819 616 2881 usque
639 2800 683 2863 ad
702 2801 788 2865 fines
810 2802 996 2865 comitatus
1018 2798 1267 2872 Eboracensis;
1290 2804 1326 2860 et

373 2897 422 2960 sic
444 2917 507 2978 per
530 2901 712 2981 episcopos
735 2907 770 2963 et
783 2899 1005 2964 vicecomites
1027 2899 1197 2962 ducentur
1212 2896 1254 2960 de
1268 2915 1327 2960 co·

373 2996 497 3059 mitatu
515 2998 551 3061 in
564 2999 779 3073 comitatum,
790 2998 899 3062 donec
917 2997 1122 3079 perveniant
1136 2996 1180 3059 ad
1197 2994 1326 3058 curiam

373 3094 466 3174 regis
487 3093 638 3176 Angliae.
685 3097 732 3159 Et
750 3115 795 3159 ex
818 3116 888 3178 quo
911 3102 975 3159 rex
997 3094 1124 3160 Scotiae
1145 3094 1327 3157 intraverit

374 3203 502 3255 terram
521 3196 613 3274 regis
627 3193 764 3276 Angliae
781 3194 923 3258 babebit
937 3194 1062 3257 cotidie
1072 3193 1115 3256 de
1127 3201 1221 3256 terra
1237 3191 1328 3273 regis

373 3290 511 3371 Angliae
543 3309 574 3356 c.
602 3292 664 3357 sol.
690 3293 732 3355 de
757 3293 981 3356 liberatione:
1016 3312 1095 3356 cum
1118 3300 1243 3356 autem.
1263 3310 1326 3353 rex

373 3387 500 3453 Scotiae
517 3392 560 3453 ad
584 3392 714 3455 curiam
737 3393 829 3472 regis
845 3391 986 3472 Angliae
1001 3392 1145 3466 venerit,
1162 3390 1326 3472 quamdiu

372 3487 447 3566 ipse
463 3488 499 3549 in
518 3491 615 3551 curia
631 3491 722 3570 regis
736 3490 877 3570 Angliee'
891 3509 1025 3553 moram
1042 3489 1175 3563 iecerit,
1189 3487 1328 3550 habebit

372 3586 500 3647 cotidie
515 3587 559 3649 de
576 3587 781 3651 liberatione
801 3604 899 3651 xxx.
918 3588 980 3650 sol.
1002 3595 1038 3650 et
1060 3603 1128 3650 ΧΗ.
1152 3586 1328 3651 wastellos

373 3684 576 3758 dominicos,
601 3692 635 3747 et
662 3701 730 3750 ΧΗ.
763 3686 960 3749 simenellos
987 3685 1186 3762 dominicos
1212 3691 1248 3748 et
1276 3699 1326 3747 lv.

373 3783 527 3845 sexteria
549 3783 593 3846 de
615 3783 785 3848 dominico
802 3787 883 3848 vino
901 3787 1005 3866 regis,
1020 3794 1056 3847 et
1073 3801 1153 3847 virt.
1177 3784 1328 3847 sexteria

372 3880 416 3941 de
432 3882 516 3944 vino
539 3883 768 3964 expensabili,
783 3891 819 3947 et
836 3901 875 3949 11.
898 3885 1005 3947 libras
1021 3884 1063 3946 de
1080 3884 1212 3965 pipere,
1230 3889 1264 3946 et
1279 3898 1328 3944 rv.

372 3977 416 4039 de
431 3980 567 4056 cimino,
587 3991 623 4044 et
641 3981 722 4045 xrr.¹
738 3990 856 4065 petras
878 3984 921 4046 de
941 4002 1032 4058 cera,
1049 3982 1106 4044 vel
1127 3998 1177 4044 ru.
1200 3998 1329 4056 cereos,

685 4130 692 4158 ¹
711 4131 773 4193 xm]
792 4132 876 4181 Duas.
896 4133 1020 4181 Hoc-eden.
