3074 4508
367 324 411 387 64
739 339 949 388 cunourcon

368 503 506 560 vertere
549 496 748 571 tentaverit,
790 493 1021 557 anathematis
1063 495 1214 572 vinculo,
1254 495 1322 558 nisi

366 596 565 678 resipuerit,
594 596 790 670 innodetur,
814 593 953 655 honoris
978 611 1115 674 quoque
1143 612 1184 656 ac
1209 594 1324 674 digni-

368 695 453 757 tatis
471 713 545 757 suae
565 694 753 774 periculum
771 693 943 773 patiatur;
970 693 1190 755 observantes
1204 698 1323 754 autem

368 792 606 855 misericordia
632 792 751 854 divina
776 790 961 864 custodiat,
990 797 1025 852 et
1051 808 1232 871 personam
1259 809 1324 870 po·

368 894 603 969 testatemque
624 897 720 952 tuam
740 890 785 952 ad
809 888 972 951 honorem
995 906 1096 950 suum
1118 895 1153 950 et
1173 888 1322 970 gloriam

367 984 531 1047 foeliciter
544 986 715 1066 imperare
730 986 921 1049 concedat!

419 1081 491 1144 His
513 1082 799 1146 conventionibus
822 1092 857 1147 et
874 1081 1082 1165 juramentis
1103 1083 1195 1145 inter
1209 1083 1320 1146 domi-

368 1200 451 1243 num
465 1200 592 1263 papam
605 1189 779 1260 stragem,
794 1180 829 1242 iu
840 1180 1003 1244 Pascbali
1017 1180 1218 1258 festivitate,
1227 1181 1323 1245 facta

366 1288 423 1343 est
442 1280 636 1343 concordia.
688 1278 823 1343 Deinde
841 1278 990 1342 Romam
1013 1279 1090 1341 idus
1112 1279 1243 1360 Aprilis
1261 1277 1321 1364 [13

366 1374 473 1466 Apa]
505 1399 568 1442 rex
592 1378 699 1454 venit,
726 1397 828 1458 quem
856 1396 948 1459 papa
966 1377 1002 1439 in
1029 1378 1175 1441 ecclesia
1200 1377 1321 1442 Sancti

367 1474 478 1551 Petri,
501 1478 642 1540 missam
665 1476 854 1552 celebrans
877 1477 912 1539 in
935 1477 1179 1556 imperatorem
1202 1496 1322 1540 conse·

365 1576 491 1649 oravit,
509 1582 545 1638 et
562 1576 592 1637 ei
611 1575 751 1656 suisque
776 1575 932 1637 omnibus
955 1574 1207 1638 absolutionem
1225 1576 1320 1651 feeit,

201 1694 318 1734 nnrnn-
367 1679 402 1733 et
419 1691 556 1734 omnem
572 1672 732 1753 injuriam
748 1673 812 1734 sibi
830 1672 957 1734 factam
974 1673 1192 1736 condonavit.
1238 1671 1318 1735 Rex

200 1745 273 1783 drians
283 1745 344 1783 inhr-

199 1766 563 1848 snrnssuonn.Anglorum
583 1769 771 1830 Heinricus
796 1767 1025 1830 Flandrenses
1044 1770 1103 1851 qui
1130 1768 1166 1832 N
1168 1769 1321 1851 ortbym·

201 1844 285 1882 umbria

200 1893 331 1932 transferred
365 1865 476 1928 briam
488 1866 699 1941 incolebant,
711 1885 789 1929 cum
801 1871 877 1929 tota
887 1866 1093 1948 supellectili
1105 1886 1179 1948 sua,
1189 1869 1225 1931 in
1239 1868 1320 1932 Wa-

200 1942 312 1982 ²⁰w⁸¹⁰¹‘
366 1964 498 2027 loniam
513 1965 704 2041 transtulit,
721 1971 756 2028 et
772 1972 911 2041 terram,
925 1985 1004 2046 quae
1021 1965 1095 2029 Ros
1110 1967 1321 2044 nominatur,

200 2089 304 2128 rienes
364 2062 517 2127 incolere
542 2063 719 2144 praecepit.
771 2061 912 2125 Novum
933 2064 1037 2125 etiam
1060 2065 1320 2140 monasterium,

199 2141 354 2227 biiiiss't'ess‘
366 2160 460 2240 quod
473 2160 563 2222 infra
575 2158 905 2223 murumWintoniae
916 2167 1002 2234 erat,
1014 2161 1321 2240 agenteWillelmo

198 2237 354 2336 iifir'r'ssfm‘
365 2258 602 2322 Wintoniensi
624 2257 799 2338 episcope,
816 2275 880 2318 rex
894 2264 996 2321 extra
1012 2277 1146 2321 murum
1164 2260 1320 2322 construi

201 2386 305 2427 navae
360 2356 491 2438 jussit:
507 2363 623 2418 etnon
636 2355 746 2418 multo
759 2361 942 2436 postmare
954 2355 1101 2419 transiit.
1134 2357 1319 2420 Hocanno

199 2436 330 2525 man
365 2453 477 2517 hiems
493 2454 694 2534 asperrima,
717 2453 825 2516 fames
840 2453 970 2530 valida,
992 2455 1188 2518 mortalitas
1210 2455 1319 2518 homi·

365 2571 462 2628 num,
477 2553 587 2633 pestis
603 2552 815 2626 animalium,
828 2552 1018 2631 agrestium
1033 2552 1137 2614 simul
1154 2561 1189 2616 et
1204 2554 1320 2616 dome-

364 2651 544 2725 sticorum,
563 2656 768 2731 stragesque
783 2648 899 2712 avium
914 2650 1033 2713 extitit
1048 2652 1274 2731 permaxima

435 2844 521 2887 sono
542 2845 670 2888 nouom
690 2845 803 2888 OOMRA
824 2844 962 2887 numm
982 2845 1021 2888 bs
1040 2846 1244 2888 mmmmm.

206 2946 335 3022 A·1>·¹¹¹²5
414 2936 533 3001 ‘Anno
565 2939 789 3020 pontificatus
820 2939 952 3003 domini
992 2960 1093 3022 papae
1133 2939 1317 3004 Paschalis

196 3012 341 3102 ffrhifflss
363 3034 515 3099 Secundi
542 3053 636 3111 x111.,
664 3037 850 3100 indictione
875 3053 921 3113 v.,
943 3057 1059 3101 mense
1084 3039 1227 3114 Martio,
1255 3055 1318 3101 Χν.

363 3132 435 3196 kal.
455 3132 589 3215 Aprilis
614 3134 674 3212 [18
692 3134 813 3214 Mar.],
836 3135 1046 3198 celebratum
1067 3143 1120 3199 est
1136 3136 1320 3200 concilium

364 3229 504 3309 Romae,
543 3231 738 3308 Lateranis,
771 3233 808 3294 in
842 3233 985 3297 basilica
1017 3233 1320 3297 Constantiniana.

365 3328 408 3391 In
421 3350 491 3410 quo
505 3349 585 3393 cum
597 3331 756 3394 dominus
769 3349 861 3412 papa
872 3331 1045 3395 rediisset¹
1060 3350 1138 3394 curu
1152 3332 1321 3413 arehiepi-

363 3429 493 3508 scopis‚
511 3436 546 3489 et
561 3429 746 3509 episcopis,
761 3435 797 3490 et
812 3429 1055 3504 cardinalibus,
1069 3437 1103 3491 et
1118 3430 1216 3491 varia
1229 3430 1320 3492 mul-

363 3525 513 3587 titudine
537 3526 738 3588 clericorum
762 3532 797 3588 et
819 3525 998 3602 laicorum,
1016 3527 1140 3589 ultima
1157 3527 1212 3590 die
1237 3547 1321 3591 con-

363 3622 447 3695 cilii,
471 3623 565 3685 facta
588 3642 704 3686 coram
727 3623 885 3686 omnibus
908 3624 1119 3705 professione
1139 3625 1320 3689 catholicae

363 3719 457 3794 fidei,
491 3740 534 3782 ne
567 3721 645 3800 quis
676 3721 718 3783 de
750 3721 817 3784 fide
847 3721 956 3803 ipsius
993 3722 1179 3799 dubitaret,
1209 3722 1318 3786 dixit:

364 3816 594 3898 ‘Amplector
610 3838 746 3881 omnem
769 3819 920 3883 divinam
937 3821 1155 3900 scripturam,
1173 3821 1318 3894 scilicet,

363 3914 506 3979 Veteris
542 3935 582 3981 ac
609 3916 705 3980 Novi
738 3917 964 3993 Testamenti,
994 3918 1106 3999 legem
1138 3937 1160 3981 a
1192 3918 1319 3998 Moyse
1422 4001 1426 4009 ι

363 4015 528 4094 scriptam
571 4024 606 4078 et
640 4035 661 4079 a
700 4017 830 4079 sanctis
869 4016 1055 4097 prophetis.
1116 4015 1321 4095 Amplector

575 4139 581 4167 ¹
601 4141 746 4204 Rediisset.]
765 4143 923 4192 Resedisset.
965 4142 1006 4191 W.
1019 4143 1106 4189 Malm.
