3074 4508
326 321 392 384 134
575 336 822 384 couriuuarro
846 337 1022 383 crinorum

328 488 601 552 comburentium
628 490 841 570 nigredinem
864 488 1080 569 exprimere3
1107 487 1168 550 sed
1190 494 1224 549 et
1245 487 1281 549 in

328 588 405 669 ipso
430 589 718 652 concremationis
746 589 823 670 ejus
854 594 1029 649 momento
1055 585 1174 667 fragor
1202 585 1281 649 bur-

330 687 467 749 risonus
501 687 645 750 tonitrui
681 688 799 767 magni
828 687 939 749 tribus
970 684 1104 748 vicibus
1133 683 1282 747 intonuit

331 786 431 863 quasi
458 783 501 845 de
526 784 627 846 coelo.
673 786 754 848 Hoc
781 785 901 866 itaque
922 783 1082 847 incendio
1104 783 1284 845 combusta

331 882 473 944 civitate
492 881 648 956 interius,
664 891 700 944 et
721 884 765 944 ab
784 883 942 946 hostibus
957 884 1102 946 obsessa
1120 880 1283 954 exterius,

332 978 464 1040 dixisse
486 975 596 1040 fertur
617 980 801 1060 episcopus
824 982 944 1044 comiti
964 979 999 1044 N
1001 979 1284 1051 orthamtonensi,

333 1075 409 1138 ‘En
440 1094 568 1152 comes,
600 1096 666 1158 ego
691 1077 795 1159 jussi,
827 1087 867 1141 tu
904 1078 974 1141 ista
1010 1077 1132 1140 radere
1161 1075 1282 1140 stude!

335 1173 472 1251 Quibus
495 1174 609 1251 dictis,
632 1183 822 1256 patuerunt
843 1177 967 1240 intima
990 1176 1103 1239 cordis
1131 1173 1284 1237 dicentis.

168 1283 300 1373 21:⁸0ssqu
334 1273 475 1354 Septem
490 1273 598 1354 igitur
618 1275 820 1355 septimanis
841 1275 878 1336 in
895 1274 1073 1338 obsidione
1092 1273 1285 1347 transactis,

167 1384 233 1432 uere·
334 1374 474 1436 taudem
504 1372 686 1455 episcopus
712 1380 782 1436 tam
810 1372 953 1436 diutinae
977 1372 1184 1436 obsessionis
1209 1389 1287 1452 per-

334 1476 454 1547 taesus,
470 1471 781 1553 advesperascente
801 1473 856 1535 die
875 1491 954 1553 quae
970 1471 1195 1535 festivitatem
1212 1469 1285 1533 Ex-

335 1568 514 1633 altationis
538 1570 675 1633 Sanctae
698 1571 820 1634 Crucis
843 1572 904 1651 [14
925 1571 1039 1652 Sept]
1059 1569 1287 1652 praecedebat,

330 1665 437 1745 jussit
460 1687 521 1746 per
539 1670 656 1730 urbem
678 1687 798 1748 pacem
817 1669 1010 1749 praedicari,
1029 1679 1149 1749 portas
1164 1667 1285 1729 civita·

167 1771 316 1861 ffl‘fflffl
335 1764 380 1825 tis
398 1764 537 1844 aperiri.
577 1765 728 1844 Jamque
744 1765 885 1828 domina
899 1767 1105 1847 imperatrix
1120 1783 1285 1828 conscen-

203 1833 218 1872 Ρ
334 1861 433 1925 derat
456 1881 597 1942 equum,
616 1864 804 1926 comitante
826 1881 932 1944 seque
950 1864 1163 1926 conducente
1183 1861 1289 1926 fratre

334 1979 399 2023 suo
415 1960 626 2041 Reginaldo‚
644 1960 775 2023 relictis
793 1963 837 2024 ob
855 1962 1022 2025 excubias
1039 1963 1119 2044 plus
1134 1961 1288 2025 ducentis

334 2058 502 2122 militibus
525 2078 604 2122 cum
627 2060 752 2123 comite
779 2060 1034 2123 Bricstowense
1048 2061 1176 2123 eisdem
1199 2078 1287 2140 prae·

334 2157 481 2231 sidente,
504 2176 584 2219 cum
607 2176 687 2219 ecce
709 2159 826 2219 subito
854 2156 996 2237 praesul,
1022 2156 1066 2221 ad
1089 2175 1186 2220 arma
1207 2176 1288 2219 suos

333 2272 556 2333 consurgere,
573 2262 610 2316 et
628 2255 665 2316 in
683 2254 800 2316 hostes
818 2253 911 2317 illico
929 2255 1101 2317 violenter
1113 2254 1220 2336 jussit
1233 2255 1287 2316 in·

334 2369 490 2431 surgere,
513 2357 685 2432 quotquot
710 2358 874 2432 poterant
889 2353 1039 2416 viriliter
1065 2352 1288 2434 cumprehen-

335 2447 427 2512 dere.
498 2447 848 2530 Comprehenduntur
885 2451 1006 2532 itaque
1046 2452 1159 2528 multi,
1197 2451 1287 2533 peri-

335 2555 478 2610 muntur
500 2547 580 2610 hinc
602 2555 638 2611 et
659 2548 739 2611 inde
761 2547 914 2629 plurimi,
936 2549 1029 2612 inter
1044 2568 1133 2629 quus
1148 2549 1288 2629 quidam

336 2646 447 2720 miles,
465 2646 636 2708 vocabulo
663 2645 859 2709 Gulielmus
886 2647 928 2709 de
952 2646 1102 2722 Curcell,
1125 2666 1203 2709 cum
1224 2647 1289 2709 mi·

336 2742 456 2805 litibus
483 2762 547 2806 sex
567 2745 643 2806 neci
666 2744 781 2820 datus,
808 2752 844 2807 et
871 2745 962 2825 apud
991 2744 1158 2808 Sanctum
1175 2744 1290 2808 Grim-

170 2851 311 2949 ffigggng
336 2841 479 2904 baldum
511 2848 565 2904 est
591 2842 795 2906 tumulatus.
847 2841 939 2906 Haec
967 2843 1111 2905 audiens
1138 2842 1287 2919 domina,

313 2925 560 3002 'vehementer
583 2941 753 3004 exterrita
781 2951 888 3022 atque
915 2944 1069 3017 turbata,
1095 2941 1140 3004 ad
1167 2941 1290 3005 castel-

338 3036 410 3099 lum
443 3057 512 3118 quo
546 3039 709 3102 tendebat
736 3040 779 3103 de
813 3039 1076 3104 Ludkereshala
1108 3039 1218 3102 tristis
1249 3058 1290 3102 ac

339 3135 459 3198 dolens
482 3137 634 3212 advenit,
651 3138 712 3200 sed
734 3139 783 3200 ibi
811 3137 927 3200 locum
950 3146 1063 3202 tutum
1081 3137 1290 3218 quiescendi,

173 3245 301 3333 ngqqqg:
338 3241 483 3314 propter
522 3243 649 3298 metum
690 3237 856 3316 episcopi,
889 3256 958 3299 nun
992 3237 1137 3299 invenit.
1190 3235 1291 3300 Unde

298 3322 304 3341 '
339 3332 558 3395 hortantibus
593 3334 678 3410 suiS,
711 3353 802 3415 equo
839 3335 963 3397 iterum
1005 3355 1071 3397 usu
1100 3333 1290 3396 masculino

339 3433 534 3510 supposita,
559 3439 664 3512 atque
692 3432 735 3494 ad
758 3432 903 3495 Divisas
927 3431 1106 3514 perducta,
1130 3450 1204 3494 cum
1228 3449 1291 3494 nec

339 3528 386 3589 ibi
408 3546 528 3591 secure
550 3548 588 3591 se
611 3531 716 3591 tutari
739 3548 841 3610 posse
865 3531 908 3592 ob
930 3531 1152 3612 insequentes
1175 3528 1291 3592 sormi·

175 3641 277 3680 anrona
339 3625 450 3701 daret,
478 3626 553 3708 jam
584 3647 672 3706 pene
705 3628 877 3690 exanimis
914 3627 1042 3692 feretro
1070 3629 1218 3702 invecta,
1256 3634 1291 3690 et

174 3694 226 3738 bier,
236 3701 281 3731 ιιι

174 3746 300 3830 gqchsttqr
340 3722 478 3786 funibus
510 3725 610 3805 quasi
643 3725 792 3788 cadaver
821 3725 1075 3807 circumligata,
1102 3727 1200 3806 equis
1231 3725 1291 3787 de·

341 3822 541 3899 terentibus,
567 3829 622 3885 sat
650 3823 881 3903 ignominiose
904 3824 948 3886 ad
972 3825 1148 3888 civitatem
1171 3823 1291 3903 depor-

340 3928 437 3984 tatur
467 3920 730 3984 Glaornensem.
772 3921 884 3984 Porro
915 3922 1024 3986 frater
1056 3940 1154 3997 suus,
1177 3940 1291 3984 comes

172 4001 313 4090 ffidtffiessir.
336 4018 602 4082 Bricstowensis
625 4020 814 4095 Robertus,
844 4040 905 4102 per
927 4021 1032 4083 aliam
1056 4020 1148 4082 viam
1173 4037 1289 4100 egres·
