3074 4508
437 347 627 395 rnoannrrr
657 347 938 398 vvrcoaurnusrs
1091 336 1156 399 201

209 502 485 580 occultabantur,
517 522 580 584 per
622 503 770 565 medium
812 503 1016 569 infirmariae
1047 507 1154 570 dedu·

208 611 338 677 centes,
356 603 391 663 iu
409 602 558 665 insulam
573 621 690 665 secum
713 602 899 666 duxerunt.
952 602 1050 681 Quos
1076 626 1155 669 cum

208 701 348 782 quidam
379 701 565 764 monachus
604 700 759 782 ejusdem
795 699 863 762 loci
900 702 1155 784 insequeretur,

210 800 430 880 magnatibus
466 799 635 862 insulanis
674 818 744 860 rem
787 809 922 879 gestam
962 801 1157 867 luculenter

210 898 383 978 exposuit.
434 898 591 962 Tandem
624 897 724 961 dictis
750 897 918 963 insulanis
945 903 1158 965 sententian-

212 997 315 1070 tibus,
331 995 413 1059 dicti
430 996 553 1059 ribaldi
573 1012 652 1058 cum
677 995 779 1058 dictis
797 998 896 1078 equis
912 999 1053 1060 arbitrio
1071 1000 1156 1063 dicti

211 1094 369 1157 monachi
387 1094 707 1158 committebantur:
732 1114 832 1176 quos,
850 1096 1024 1171 videlicet,
1036 1116 1156 1178 equos,

213 1213 290 1256 cum
313 1193 357 1254 ad
374 1193 483 1256 altare
503 1192 622 1257 Sancti
640 1193 847 1268 Eadmundi,
864 1194 898 1255 in
915 1194 1049 1276 signum
1067 1216 1156 1277 prae·

211 1293 438 1372 sumptionis;
487 1291 622 1373 gladios
666 1309 760 1366 suott,
803 1310 890 1372 quos
929 1292 1158 1358 irreverenter

212 1397 333 1452 contra
368 1389 487 1454 Sancti
523 1391 716 1454 libertatem
758 1402 974 1468 arrexerant,
1012 1394 1156 1476 martyri

213 1487 438 1552 obtulerunt.¹
511 1497 513 1500 ’

265 1586 468 1662 Edwardus,
500 1587 628 1650 domini
664 1588 756 1669 regis
792 1589 1051 1669 primogenitus,
1081 1588 1156 1669 qni·
1170 1607 1265 1654 norm.

212 1686 358 1749 busdam
380 1686 546 1749 insulanis
566 1687 678 1767 ipsum
704 1687 920 1762 ducentibuS,
944 1704 977 1750 v,
1002 1685 1047 1750 id.
1067 1685 1090 1748 J
1094 1687 1155 1749 ulii
1168 1658 1272 1795 Ξιῗὲἔῖ
1282 1661 1304 1695 ‘⁰

216 1783 278 1874 [11
296 1780 396 1873 tut}
415 1784 560 1849 insulam
584 1784 756 1848 Eliensem
779 1786 936 1861 intravit,
955 1786 1011 1848 cui
1036 1786 1155 1848 statim
1204 1766 1269 1794 ω’

211 1884 327 1946 insula
349 1884 484 1946 reddita
505 1882 583 1957 suit,
605 1883 690 1963 ipsis
712 1885 748 1946 in
771 1883 882 1946 forma
907 1883 990 1946 dicti
1011 1882 1053 1945 de
1082 1881 1157 1945 Ke-

212 1982 394 2044 nilewurth
411 1999 530 2063 pacem
549 1981 804 2062 recipientibus.
864 2027 870 2036 .
952 2060 956 2066 ⁶

254 2078 396 2143 ,Civitas
415 2077 609 2142 Antiochiae
632 2084 736 2158 capta
756 2085 810 2141 est
831 2097 854 2140 a
875 2077 1019 2141 soldano
1037 2077 1156 2160 Baby·
1178 2094 1206 2135 Δ.
1216 2094 1243 2134 u.
1255 2096 1312 2134 12⁶⁸·

1169 2160 1289 2199 snmnner
1297 2161 1322 2200 ot

212 2177 327 2253 loniae,
352 2177 375 2240 J
378 2178 484 2241 udaeis
507 2176 567 2259 qui
588 2176 715 2239 ibidem
737 2178 962 2240 morabantur
988 2176 1053 2240 boc
1075 2196 1157 2258 pro·
1169 2210 1325 2298 amm!

1195 2269 1207 2297 e
1216 2270 1226 2298 Ι
1300 2268 1313 2296 0

154 2317 156 2319 -
213 2274 445 2353 curantibus,²
480 2275 535 2339 die
565 2274 789 2339 Ascensionis
816 2275 966 2351 Domini,
999 2275 1059 2357 qui
1089 2275 1247 2357 suitssm„

215 2390 292 2436 xvt.
324 2373 395 2438 kal.
420 2374 518 2437 Junii
550 2369 613 2461 [17
631 2369 752 2460 Maii].
801 2372 1003 2437 Octobonus
1018 2372 1157 2454 legatus

213 2471 401 2535 celebravit
418 2471 600 2534 concilium
623 2471 716 2552 apud
733 2470 958 2546 Londoniam,
983 2479 1064 2551 post
1087 2470 1314 2534 Pammene

1170 2535 1268 2575 London.

212 2570 330 2644 scham
347 2569 565 2634 Dominicam
583 2566 620 2652 [8
638 2567 753 2654 Apr.],
770 2587 841 2649 qua
860 2577 1022 2633 cantatur
1039 2568 1158 2632 Evan-

213 2669 339 2749 gelinm
359 2669 459 2749 ‘Ego
474 2687 549 2730 sum
562 2675 683 2749 pastor
695 2667 831 2730 bonus!
871 2666 915 2729 In
928 2686 998 2749 quo
1009 2667 1159 2730 absolvit
1170 2681 1244 2720 simon
1254 2682 1281 2720 ue

1171 2730 1276 2770 Monttort

214 2766 400 2848 Symouem
418 2767 460 2829 de
476 2764 707 2841 Monte-forti,
722 2765 881 2828 comitem
898 2765 1107 2841 Leicestriae,
1124 2776 1159 2829 et
1170 2781 1213 2819 md
1223 2780 1257 2819 hi·

214 2865 301 2928 alios
317 2884 403 2947 qnos
423 2864 526 2945 prius
542 2864 901 2927 excommunicaverat
923 2864 1056 2927 ratione
1078 2882 1155 2945 per·
1170 2830 1288 2918 :mil

213 2964 419 3026 turbationis
450 2961 641 3026 antedictae.
695 2961 828 3023 Iterum
861 2960 1050 3025 celebravit
1076 2980 1159 3025 con·
1170 2977 1198 3064 1Δῃ
1199 2976 1299 3074 my

213 3061 328 3123 cilium
360 3060 450 3142 apud
483 3059 771 3134 Norbamtonam,
804 3077 885 3139 rege
920 3059 1045 3122 ibidem
1077 3078 1156 3123 cum
1171 3077 1277 3163 m
1295 3143 1301 3153 Ι

213 3161 411 3240 proceribus
437 3159 689 3239 parlamentum
717 3165 865 3220 tenente.
919 3157 962 3219 In
986 3177 1054 3238 quo
1077 3176 1216 3221 con-ton.
1278 3133 1292 3173 ⁹

213 3258 292 3319 cilio
316 3258 405 3320 idem
432 3257 569 3337 legatus
597 3255 772 3317 dominum
800 3254 1021 3330 Edwardnm,
1048 3263 1083 3318 et
1113 3254 1157 3319 G.
1171 3269 1301 3308 Prtueessd·

1171 3320 1236 3364 ward,
1246 3319 1284 3356 tlte

214 3357 374 3418 comitem
392 3353 604 3428 Gloverui'ae‚
621 3359 656 3415 et
674 3371 779 3432 quam
791 3353 1011 3433 plures'alios
1026 3354 1158 3416 nobiles
1171 3368 1245 3406 emor
1259 3368 1325 3407 orou-

1170 3420 1246 3462 certer,
1257 3419 1299 3455 and

213 3473 314 3516 cruce
339 3453 501 3534 signavit.
554 3452 779 3532 Concilioqne
806 3458 959 3532 peract0,
983 3451 1158 3528 licentiam
1171 3467 1325 3554 magianum

1219 3575 1237 3602 Ι.

213 3552 425 3632 repatriandi
449 3551 573 3614 devote
592 3549 795 3630 postulavit,
823 3557 857 3611 et
884 3549 986 3610 tertio
1009 3548 1055 3612 id.
1071 3547 1094 3609 J
1098 3549 1160 3611 ulii
1172 3575 1218 3651 οὑξ
1228 3613 1296 3660 lm

215 3645 277 3736 [13
292 3650 314 3714 J
319 3643 385 3736 ul]
403 3668 497 3712 mare
514 3649 712 3730 ingrediens
731 3646 982 3710 transfretavit.
1172 3666 1259 3701 rerum.

1173 3711 1244 3750 bomo.

248 3851 257 3886 ¹
277 3853 673 3916 Quosoidelicet...obtulerrrnt.]
699 3854 845 3914 According
861 3859 887 3900 to
903 3867 971 3901 some
988 3860 1108 3902 accounts
1120 3855 1163 3902 the

214 3926 284 3973 Here
304 3925 345 3973 the
363 3929 417 3972 text
432 3925 454 3972 is
470 3923 613 3982 manifestly
629 3923 674 3970 de·
699 3923 751 3970 loss
763 3923 791 3970 ot
805 3922 847 3970 the
860 3923 911 3981 city
922 3936 977 3969 was
988 3923 1072 3983 owing
1084 3928 1109 3971 to
1121 3923 1163 3972 tbe

212 3996 314 4043 fective.
700 3992 830 4051 treachery
855 3990 883 4038 oi
902 3991 943 4039 the
967 3992 1108 4051 patriotam
1138 3998 1164 4040 to

248 4061 258 4090 ¹
274 4063 370 4111 Judoeis
382 4095 389 4112 .
403 4098 408 4110 .
424 4096 430 4110 .
444 4060 673 4123 procurantibus]
700 4060 794 4121 others,
804 4060 833 4108 ot'
842 4059 884 4108 the
896 4059 1058 4108 inhabitants.
