3074 4508
434 326 623 373 rnonnuru
649 326 929 375 wrcoaurnusrs.
1125 315 1167 377 17

213 482 398 546 monachos
415 485 520 565 coepit
539 483 756 565 compellere,
773 491 812 546 ut
829 483 889 546 illo
910 484 1029 546 relicto
1045 484 1164 565 cujus·

212 580 291 642 darn
308 581 476 646 Willelmi
493 583 767 646 Fescamuensis¹
784 591 926 646 cantum
941 583 1113 647 discerent
1130 594 1165 648 et

212 689 405 744 cantarent.
458 681 559 757 Quod
584 682 665 745 dum
687 701 780 764 aegre
807 683 1012 764 acciperent,
1036 684 1164 764 quippe

212 777 273 858 qui
286 780 361 861 jam
380 780 502 842 tamin
520 781 583 843 hoc
600 799 705 862 quam
722 783 758 843 in
779 790 904 844 caetero
926 781 1163 846 ecclesiastico

212 874 323 941 officio
346 879 533 941 secundum
557 899 684 942 morem
709 880 877 943 Romanae
896 878 1049 942 ecclesiae
1072 880 1162 943 inse-

213 986 370 1051 nuci-ant,
404 979 531 1053 subito,
570 987 725 1040 armatus
763 979 903 1041 militari
939 997 1057 1054 mauu,
1091 979 1161 1042 illis

210 1073 461 1152 ignorantibus,
495 1078 644 1158 quadam
669 1078 724 1140 die
755 1079 790 1140 in
826 1077 1017 1158 capitulum
1049 1078 1161 1154 irruit,

211 1175 397 1237 monachos
427 1176 531 1239 nimio
559 1185 688 1240 terrore
717 1177 889 1256 fugientes
917 1177 952 1237 in
981 1177 1159 1239 ecclesiam

210 1271 253 1333 ad
272 1273 381 1337 altare
396 1294 506 1354 usque
518 1276 747 1355 persequitur,
759 1273 956 1355 jaculisque
971 1283 1005 1337 et
1021 1276 1161 1354 sagittis

210 1388 330 1434 cruces
355 1382 389 1434 et
406 1373 572 1452 imagines
599 1391 640 1434 ac
667 1373 795 1436 feretra
821 1380 1018 1435 sanctorum
1038 1393 1160 1437 manus

212 1469 369 1532 militaris
388 1470 604 1550 transfigens,
622 1491 728 1533 unum
752 1474 856 1535 etiam
880 1472 1086 1535 monachum
1102 1492 1159 1535 sa·

210 1586 307 1630 crum
321 1569 575 1650 amplexantem
595 1571 705 1632 altare
721 1570 843 1632 lancea
864 1572 1159 1647 transverberans

211 1667 403 1741 interemit;
432 1669 538 1731 alium
565 1668 609 1730 ad
637 1669 755 1731 altaris
782 1667 991 1748 crepidinem
1019 1669 1159 1748 sagittis

211 1766 405 1829 confossum
422 1769 580 1845 necavit;
604 1768 722 1830 caeteri
736 1786 830 1843 vero,
846 1767 1052 1829 necessitate
1067 1786 1159 1830 com-

210 1865 313 1943 pulsi,
327 1868 476 1928 scamnis
494 1875 529 1929 et
551 1866 767 1929 candelabris
790 1865 944 1928 ecclesiae
967 1866 1104 1929 fortiter
1121 1886 1159 1929 se

210 1961 445 2039 defendentes,
488 1964 569 2026 licet
609 1965 764 2044 graviter
806 1964 992 2038 vulnerati,
1033 1965 1159 2027 milites

209 2071 429 2125 omnes-retro
441 2062 583 2125 chorum
595 2063 801 2142 abegerunt3
821 2061 1081 2141 sicquefactum
1093 2071 1159 2138 est,

209 2166 250 2222 ut
276 2160 345 2223 duo
368 2161 485 2235 occisi,
508 2161 770 2241 quatuordecim
795 2160 967 2223 vulnerati
989 2179 1032 2222 ex
1060 2179 1158 2222 mon-

209 2257 317 2333 achis,
358 2258 514 2322 nonnulli
558 2260 664 2321 etiam
712 2259 754 2321 de
800 2258 965 2322 militibus
1010 2259 1158 2322 sauciati

210 2357 409 2420 existerent.
463 2356 555 2418 Hinc
587 2365 682 2419 moto
712 2356 858 2439 judicio,
890 2357 971 2418 dum
1004 2357 1159 2419 maxima

210 2455 345 2517 abbatis
367 2472 444 2517 esse
466 2454 569 2535 culpa
590 2455 716 2535 patuit,
740 2473 804 2516 rex
826 2454 970 2517 eundem
996 2456 1157 2517 abbatem

208 2553 407 2629 summovit,
432 2551 526 2616 etin
551 2553 761 2615 monasterio
789 2571 853 2614 suo
879 2554 915 2614 in
941 2552 1159 2617 Normannia

208 2652 337 2731 posuit.
391 2651 446 2714 De
468 2651 645 2714 monachis
662 2669 744 2714 vero
760 2651 983 2732 quamplures
1000 2671 1064 2732 per
1085 2653 1158 2733 epi-

210 2756 374 2829 scopatus
406 2757 441 2812 et
463 2751 630 2828 abbatias,
656 2749 760 2832 jussu
797 2750 901 2831 regiS,
939 2750 1157 2813 custodiendi

208 2846 465 2929 disperguntur.
519 2847 628 2930 Cujus
651 2855 912 2929 postmortem,
935 2847 1026 2910 idem
1051 2849 1159 2911 abbas

209 2945 334 3007 iterum
352 2947 528 3009 abbatiam
548 2964 646 3009 suam
666 2964 687 3007 a
705 2945 775 3008 lilio
793 2945 869 3027 ejus
885 2964 966 3025 rege
981 2946 1159 3009 Willelmo

209 3045 407 3125 quingentis
435 3043 530 3107 libris
560 3045 696 3125 argenti
726 3044 820 3118 emit,
849 3050 883 3121 et
911 3063 974 3125 per
1002 3044 1158 3108 ecclesiae

208 3143 444 3222 possessiones
469 3144 602 3223 aliquot
624 3142 724 3204 annis
747 3150 972 3223 pervagatus,
993 3143 1095 3222 longe
1114 3143 1159 3204 ab

207 3241 284 3320 ipso
312 3241 533 3318 monasterio,
560 3248 601 3302 ut
627 3234 752 3321 dignus
782 3247 868 3315 erat,
899 3240 1022 3302 misere
1049 3241 1159 3303 vitam

208 3337 346 3401 finivit.²
398 3339 536 3420 Regina
555 3338 729 3401 Mahtilda
754 3355 801 3403 ιν.
820 3356 929 3400 nonas
948 3337 1158 3402 Novembris
1171 3357 1275 3397 pennu

208 3437 246 3516 [2
273 3436 396 3516 Nov.],
427 3438 513 3500 seria
543 3455 589 3512 ν.,
619 3437 766 3500 decessit
796 3438 831 3498 in
865 3435 1094 3512 Normannia,
1125 3442 1159 3499 et
1171 3417 1284 3495 ‘lidda

210 3534 355 3598 Cadomi
372 3545 426 3598 est
442 3536 589 3617 sepulta.
1171 3603 1190 3641 Α
1206 3601 1225 3640 D
1246 3601 1295 3639 1⁰84

259 3634 338 3696 Rex
355 3633 549 3716 Anglorum
565 3632 763 3697 Willelmus
790 3634 831 3696 de
855 3652 1062 3716 unaquaque
1078 3632 1160 3695 hida
1171 3628 1238 3705 {m}
1247 3626 1313 3704 01„ss

208 3750 269 3812 l)er
286 3731 450 3811 Angliam
466 3753 529 3796 sex
545 3733 673 3796 solidos
690 3733 834 3812 accepit.
1171 3716 1316 3804 gppgnnner

208 3978 251 4097 Μ’
272 3979 476 4042 fiscamnensis]
496 3981 672 4039 Fescamnum,
699 3973 1162 4093 ⁵3²Sax.Chron.‚LansranciEpist.

245 4063 328 4110 camp.
733 4081 740 4096 .

260 4163 346 4208 ΤΟΜ.
367 4162 404 4206 ll.
992 4159 1011 4202 C
