<?xml version="1.0" encoding="UTF-8"?>
<!DOCTYPE html PUBLIC "-//W3C//DTD XHTML 1.0 Transitional//EN"
    "http://www.w3.org/TR/xhtml1/DTD/xhtml1-transitional.dtd">
<html xmlns="http://www.w3.org/1999/xhtml" xml:lang="en" lang="en">
 <head>
  <title>
</title>
<meta http-equiv="Content-Type" content="text/html;charset=utf-8" />
  <meta name='ocr-system' content='tesseract 3.04.00' />
  <meta name='ocr-capabilities' content='ocr_page ocr_carea ocr_par ocr_line ocrx_word'/>
</head>
<body>
  <div class='ocr_page' id='page_1' title='image "./florentiiwigorn01florgoog_0225.png"; bbox 0 0 3074 4508; ppageno 0'>
   <div class='ocr_carea' id='block_1_1' title="bbox 366 339 1062 408">
    <p class='ocr_par' dir='ltr' id='par_1_1' title="bbox 366 339 1062 408">
     <span class='ocr_line' id='line_1_1' title="bbox 366 339 1062 408; baseline 0.004 -6"><span class='ocrx_word' id='word_1_1' title='bbox 366 339 432 403; x_wconf 81' lang='lat'><strong>200</strong></span> <span class='ocrx_word' id='word_1_2' title='bbox 615 357 864 406; x_wconf 78' lang='lat' dir='ltr'><strong>courruuarro</strong></span> <span class='ocrx_word' id='word_1_3' title='bbox 889 359 1062 408; x_wconf 82' lang='lat' dir='ltr'><strong>crinorum</strong></span> 
     </span>
    </p>
   </div>
   <div class='ocr_carea' id='block_1_2' title="bbox 206 513 1363 4129">
    <p class='ocr_par' dir='ltr' id='par_1_2' title="bbox 367 513 1318 598">
     <span class='ocr_line' id='line_1_2' title="bbox 367 513 1318 598; baseline 0.001 -23"><span class='ocrx_word' id='word_1_4' title='bbox 367 513 459 577; x_wconf 80' lang='lat' dir='ltr'><strong>infra</strong></span> <span class='ocrx_word' id='word_1_5' title='bbox 486 515 694 596; x_wconf 84' lang='lat' dir='ltr'><strong>quindenam</strong></span> <span class='ocrx_word' id='word_1_6' title='bbox 721 522 923 598; x_wconf 83' lang='lat' dir='ltr'>sequentem</span> <span class='ocrx_word' id='word_1_7' title='bbox 946 515 1051 595; x_wconf 82' lang='lat' dir='ltr'><strong>regiae</strong></span> <span class='ocrx_word' id='word_1_8' title='bbox 1075 515 1153 596; x_wconf 92' lang='lat' dir='ltr'><strong>paci</strong></span> <span class='ocrx_word' id='word_1_9' title='bbox 1180 532 1218 577; x_wconf 87' lang='lat' dir='ltr'><strong>se</strong></span> <span class='ocrx_word' id='word_1_10' title='bbox 1238 533 1318 596; x_wconf 91' lang='lat' dir='ltr'><strong>snp-</strong></span> 
     </span>
    </p>

    <p class='ocr_par' dir='ltr' id='par_1_3' title="bbox 368 612 1319 696">
     <span class='ocr_line' id='line_1_3' title="bbox 368 612 1319 696; baseline -0.002 -20"><span class='ocrx_word' id='word_1_11' title='bbox 368 622 551 694; x_wconf 82' lang='lat' dir='ltr'><strong>ponerent.</strong></span> <span class='ocrx_word' id='word_1_12' title='bbox 605 614 720 678; x_wconf 88' lang='lat' dir='ltr'>Nocte</span> <span class='ocrx_word' id='word_1_13' title='bbox 743 623 859 678; x_wconf 90' lang='lat' dir='ltr'><strong>autcm</strong></span> <span class='ocrx_word' id='word_1_14' title='bbox 883 613 1042 696; x_wconf 86' lang='lat' dir='ltr'><strong>proxima</strong></span> <span class='ocrx_word' id='word_1_15' title='bbox 1063 621 1226 694; x_wconf 88' lang='lat' dir='ltr'><strong>sequente</strong></span> <span class='ocrx_word' id='word_1_16' title='bbox 1246 612 1319 693; x_wconf 92' lang='lat' dir='ltr'><strong>qui·</strong></span> 
     </span>
    </p>

    <p class='ocr_par' dir='ltr' id='par_1_4' title="bbox 369 710 1320 794">
     <span class='ocr_line' id='line_1_4' title="bbox 369 710 1320 794; baseline 0.001 -21"><span class='ocrx_word' id='word_1_17' title='bbox 369 711 449 775; x_wconf 92' lang='lat' dir='ltr'><strong>dam</strong></span> <span class='ocrx_word' id='word_1_18' title='bbox 467 712 595 775; x_wconf 91' lang='lat' dir='ltr'><strong>occulti</strong></span> <span class='ocrx_word' id='word_1_19' title='bbox 612 733 767 776; x_wconf 90' lang='lat' dir='ltr'><strong>rumores</strong></span> <span class='ocrx_word' id='word_1_20' title='bbox 784 713 939 794; x_wconf 82' lang='lat' dir='ltr'><strong>legatum</strong></span> <span class='ocrx_word' id='word_1_21' title='bbox 955 721 990 776; x_wconf 89' lang='lat' dir='ltr'><strong>et</strong></span> <span class='ocrx_word' id='word_1_22' title='bbox 1005 731 1088 775; x_wconf 87' lang='lat' dir='ltr'><strong>suos</strong></span> <span class='ocrx_word' id='word_1_23' title='bbox 1102 710 1320 775; x_wconf 80' lang='lat' dir='ltr'><strong>vehementer</strong></span> 
     </span>
    </p>

    <p class='ocr_par' dir='ltr' id='par_1_5' title="bbox 370 809 1320 893">
     <span class='ocr_line' id='line_1_5' title="bbox 370 809 1320 893; baseline 0.001 -22"><span class='ocrx_word' id='word_1_24' title='bbox 370 815 553 885; x_wconf 88' lang='lat' dir='ltr'><strong>terrentes,</strong></span> <span class='ocrx_word' id='word_1_25' title='bbox 580 811 695 890; x_wconf 89' lang='lat' dir='ltr'><strong>ipsum</strong></span> <span class='ocrx_word' id='word_1_26' title='bbox 727 812 764 873; x_wconf 93' lang='lat' dir='ltr'><strong>in</strong></span> <span class='ocrx_word' id='word_1_27' title='bbox 794 813 982 875; x_wconf 89' lang='lat' dir='ltr'><strong>crastinum</strong></span> <span class='ocrx_word' id='word_1_28' title='bbox 1015 811 1116 893; x_wconf 87' lang='lat' dir='ltr'><strong>quasi</strong></span> <span class='ocrx_word' id='word_1_29' title='bbox 1145 809 1320 891; x_wconf 86' lang='lat' dir='ltr'><strong>inopinate</strong></span> 
     </span>
    </p>

    <p class='ocr_par' dir='ltr' id='par_1_6' title="bbox 206 905 1320 1010">
     <span class='ocr_line' id='line_1_6' title="bbox 206 905 1320 1010; baseline 0 -42"><span class='ocrx_word' id='word_1_30' title='bbox 206 921 332 1010; x_wconf 43' lang='lat' dir='ltr'><strong>matt</strong></span> <span class='ocrx_word' id='word_1_31' title='bbox 369 906 437 970; x_wconf 90' lang='lat' dir='ltr'><strong>iter</strong></span> <span class='ocrx_word' id='word_1_32' title='bbox 460 926 581 970; x_wconf 90' lang='lat' dir='ltr'><strong>versus</strong></span> <span class='ocrx_word' id='word_1_33' title='bbox 607 906 823 972; x_wconf 88' lang='lat' dir='ltr'><strong>Londoniam</strong></span> <span class='ocrx_word' id='word_1_34' title='bbox 849 909 1000 990; x_wconf 85' lang='lat' dir='ltr'><strong>arripere</strong></span> <span class='ocrx_word' id='word_1_35' title='bbox 1022 909 1189 972; x_wconf 86' lang='lat' dir='ltr'><strong>fecerunt.</strong></span> <span class='ocrx_word' id='word_1_36' title='bbox 1240 905 1320 984; x_wconf 86' lang='lat' dir='ltr'><strong>Quo</strong></span> 
     </span>
    </p>

    <p class='ocr_par' dir='ltr' id='par_1_7' title="bbox 306 981 1320 1089">
     <span class='ocr_line' id='line_1_7' title="bbox 306 981 1320 1089; baseline 0 -22"><span class='ocrx_word' id='word_1_37' title='bbox 306 981 339 1019; x_wconf 79' lang='lat'><strong>⁸&#39;</strong></span> <span class='ocrx_word' id='word_1_38' title='bbox 370 1005 426 1068; x_wconf 93' lang='lat' dir='ltr'><strong>die</strong></span> <span class='ocrx_word' id='word_1_39' title='bbox 449 1007 553 1069; x_wconf 86' lang='lat' dir='ltr'><strong>etiam</strong></span> <span class='ocrx_word' id='word_1_40' title='bbox 577 1006 734 1070; x_wconf 86' lang='lat' dir='ltr'><strong>dominus</strong></span> <span class='ocrx_word' id='word_1_41' title='bbox 757 1026 832 1083; x_wconf 89' lang='lat' dir='ltr'><strong>rex,</strong></span> <span class='ocrx_word' id='word_1_42' title='bbox 854 1007 1018 1089; x_wconf 87' lang='lat' dir='ltr'><strong>oppidum</strong></span> <span class='ocrx_word' id='word_1_43' title='bbox 1042 1005 1137 1070; x_wconf 87' lang='lat' dir='ltr'><strong>beati</strong></span> <span class='ocrx_word' id='word_1_44' title='bbox 1160 1005 1320 1087; x_wconf 81' lang='lat' dir='ltr'><strong>martyris</strong></span> 
     </span>
    </p>

    <p class='ocr_par' dir='ltr' id='par_1_8' title="bbox 370 1103 1318 1187">
     <span class='ocr_line' id='line_1_8' title="bbox 370 1103 1318 1187; baseline 0.001 -22"><span class='ocrx_word' id='word_1_45' title='bbox 370 1103 545 1166; x_wconf 89' lang='lat' dir='ltr'><strong>Edmundi</strong></span> <span class='ocrx_word' id='word_1_46' title='bbox 582 1105 791 1187; x_wconf 89' lang='lat' dir='ltr'><strong>relinquens,</strong></span> <span class='ocrx_word' id='word_1_47' title='bbox 824 1106 916 1187; x_wconf 91' lang='lat' dir='ltr'><strong>apud</strong></span> <span class='ocrx_word' id='word_1_48' title='bbox 944 1103 1206 1184; x_wconf 78' lang='lat' dir='ltr'><strong>Cantabrigiam</strong></span> <span class='ocrx_word' id='word_1_49' title='bbox 1241 1122 1318 1167; x_wconf 86' lang='lat' dir='ltr'><strong>curn</strong></span> 
     </span>
    </p>

    <p class='ocr_par' dir='ltr' id='par_1_9' title="bbox 370 1201 1318 1285">
     <span class='ocr_line' id='line_1_9' title="bbox 370 1201 1318 1285; baseline 0 -21"><span class='ocrx_word' id='word_1_50' title='bbox 370 1203 528 1265; x_wconf 89' lang='lat' dir='ltr'><strong>exercitu</strong></span> <span class='ocrx_word' id='word_1_51' title='bbox 559 1221 623 1266; x_wconf 90' lang='lat' dir='ltr'><strong>sno</strong></span> <span class='ocrx_word' id='word_1_52' title='bbox 650 1204 924 1279; x_wconf 83' lang='lat' dir='ltr'><strong>castrametavit,</strong></span> <span class='ocrx_word' id='word_1_53' title='bbox 949 1203 1067 1285; x_wconf 82' lang='lat' dir='ltr'>ibique</span> <span class='ocrx_word' id='word_1_54' title='bbox 1098 1210 1209 1265; x_wconf 90' lang='lat' dir='ltr'><strong>totum</strong></span> <span class='ocrx_word' id='word_1_55' title='bbox 1226 1201 1318 1284; x_wconf 91' lang='lat' dir='ltr'><strong>jeju-</strong></span> 
     </span>
    </p>

    <p class='ocr_par' dir='ltr' id='par_1_10' title="bbox 369 1299 1318 1387">
     <span class='ocr_line' id='line_1_10' title="bbox 369 1299 1318 1387; baseline 0 -25"><span class='ocrx_word' id='word_1_56' title='bbox 369 1301 465 1362; x_wconf 92' lang='lat' dir='ltr'><strong>nium</strong></span> <span class='ocrx_word' id='word_1_57' title='bbox 480 1299 794 1383; x_wconf 82' lang='lat' dir='ltr'><strong>Quadragesimale</strong></span> <span class='ocrx_word' id='word_1_58' title='bbox 813 1302 850 1384; x_wconf 78' lang='lat'><strong>[2</strong></span> <span class='ocrx_word' id='word_1_59' title='bbox 868 1301 976 1387; x_wconf 76' lang='lat' dir='ltr'><strong>Man]</strong></span> <span class='ocrx_word' id='word_1_60' title='bbox 989 1302 1025 1364; x_wconf 91' lang='lat' dir='ltr'><strong>iu</strong></span> <span class='ocrx_word' id='word_1_61' title='bbox 1042 1300 1175 1363; x_wconf 85' lang='lat' dir='ltr'><strong>insidiis</strong></span> <span class='ocrx_word' id='word_1_62' title='bbox 1188 1299 1318 1363; x_wconf 86' lang='lat' dir='ltr'><strong>Eliensi</strong></span> 
     </span>
    </p>

    <p class='ocr_par' dir='ltr' id='par_1_11' title="bbox 206 1399 1319 1508">
     <span class='ocr_line' id='line_1_11' title="bbox 206 1399 1319 1508; baseline 0 -46"><span class='ocrx_word' id='word_1_63' title='bbox 206 1411 359 1508; x_wconf 42' lang='lat' dir='ltr'><strong>§agyam</strong></span> <span class='ocrx_word' id='word_1_64' title='bbox 370 1399 548 1463; x_wconf 86' lang='lat' dir='ltr'><strong>obsidione</strong></span> <span class='ocrx_word' id='word_1_65' title='bbox 566 1401 828 1465; x_wconf 84' lang='lat' dir='ltr'><strong>consummavit.</strong></span> <span class='ocrx_word' id='word_1_66' title='bbox 864 1400 1005 1464; x_wconf 84' lang='lat' dir='ltr'><strong>Interea</strong></span> <span class='ocrx_word' id='word_1_67' title='bbox 1020 1401 1237 1463; x_wconf 87' lang='lat' dir='ltr'><strong>elaboratum</strong></span> <span class='ocrx_word' id='word_1_68' title='bbox 1252 1405 1319 1473; x_wconf 85' lang='lat' dir='ltr'><strong>est,</strong></span> 
     </span>
    </p>

    <p class='ocr_par' dir='ltr' id='par_1_12' title="bbox 208 1495 1318 1597">
     <span class='ocr_line' id='line_1_12' title="bbox 208 1495 1318 1597; baseline -0.001 -37"><span class='ocrx_word' id='word_1_69' title='bbox 208 1512 320 1597; x_wconf 62' lang='lat'><strong>”{;&#39;¹⁸‘⁸·</strong></span> <span class='ocrx_word' id='word_1_70' title='bbox 369 1506 409 1561; x_wconf 91' lang='lat' dir='ltr'><strong>ut</strong></span> <span class='ocrx_word' id='word_1_71' title='bbox 435 1499 531 1563; x_wconf 92' lang='lat' dir='ltr'><strong>dicta</strong></span> <span class='ocrx_word' id='word_1_72' title='bbox 557 1499 691 1564; x_wconf 91' lang='lat' dir='ltr'><strong>obsidio</strong></span> <span class='ocrx_word' id='word_1_73' title='bbox 719 1501 957 1564; x_wconf 86' lang='lat' dir='ltr'><strong>frustraretur.</strong></span> <span class='ocrx_word' id='word_1_74' title='bbox 1012 1498 1114 1562; x_wconf 89' lang='lat' dir='ltr'><strong>Unde</strong></span> <span class='ocrx_word' id='word_1_75' title='bbox 1135 1495 1180 1561; x_wconf 87' lang='lat' dir='ltr'><strong>G.</strong></span> <span class='ocrx_word' id='word_1_76' title='bbox 1205 1516 1318 1560; x_wconf 86' lang='lat' dir='ltr'><strong>comes</strong></span> 
     </span>
    </p>

    <p class='ocr_par' dir='ltr' id='par_1_13' title="bbox 208 1571 1321 1682">
     <span class='ocr_line' id='line_1_13' title="bbox 208 1571 1321 1682; baseline 0.001 -25"><span class='ocrx_word' id='word_1_77' title='bbox 208 1571 221 1607; x_wconf 73' lang='lat'>⁸</span> <span class='ocrx_word' id='word_1_78' title='bbox 258 1585 264 1597; x_wconf 80' lang='grc'><strong>’</strong></span> <span class='ocrx_word' id='word_1_79' title='bbox 371 1594 584 1672; x_wconf 86' lang='lat' dir='ltr'><strong>Gloverniae,</strong></span> <span class='ocrx_word' id='word_1_80' title='bbox 625 1599 746 1680; x_wconf 81' lang='lat' dir='ltr'><strong>vigilia</strong></span> <span class='ocrx_word' id='word_1_81' title='bbox 776 1598 976 1661; x_wconf 87' lang='lat' dir='ltr'><strong>Palmarum</strong></span> <span class='ocrx_word' id='word_1_82' title='bbox 1009 1594 1047 1682; x_wconf 89' lang='lat'><strong>[9</strong></span> <span class='ocrx_word' id='word_1_83' title='bbox 1075 1593 1194 1681; x_wconf 90' lang='lat' dir='ltr'><strong>Apr.],</strong></span> <span class='ocrx_word' id='word_1_84' title='bbox 1227 1595 1321 1659; x_wconf 92' lang='lat' dir='ltr'><strong>Lon·</strong></span> 
     </span>
    </p>

    <p class='ocr_par' dir='ltr' id='par_1_14' title="bbox 369 1693 1320 1776">
     <span class='ocr_line' id='line_1_14' title="bbox 369 1693 1320 1776; baseline 0.002 -22"><span class='ocrx_word' id='word_1_85' title='bbox 369 1693 508 1756; x_wconf 91' lang='lat' dir='ltr'><strong>doniam</strong></span> <span class='ocrx_word' id='word_1_86' title='bbox 522 1695 718 1775; x_wconf 85' lang='lat' dir='ltr'><strong>ingrediens</strong></span> <span class='ocrx_word' id='word_1_87' title='bbox 736 1715 813 1759; x_wconf 89' lang='lat' dir='ltr'><strong>cum</strong></span> <span class='ocrx_word' id='word_1_88' title='bbox 829 1715 956 1776; x_wconf 75' lang='lat' dir='ltr'><strong>magno</strong></span> <span class='ocrx_word' id='word_1_89' title='bbox 974 1704 1158 1776; x_wconf 89' lang='lat' dir='ltr'><strong>apparatu,</strong></span> <span class='ocrx_word' id='word_1_90' title='bbox 1171 1693 1320 1756; x_wconf 86' lang='lat' dir='ltr'><strong>civitatis</strong></span> 
     </span>
    </p>

    <p class='ocr_par' dir='ltr' id='par_1_15' title="bbox 369 1791 1320 1868">
     <span class='ocr_line' id='line_1_15' title="bbox 369 1791 1320 1868; baseline 0.003 -17"><span class='ocrx_word' id='word_1_91' title='bbox 369 1792 592 1867; x_wconf 88' lang='lat' dir='ltr'><strong>munitiones,</strong></span> <span class='ocrx_word' id='word_1_92' title='bbox 631 1794 766 1858; x_wconf 90' lang='lat' dir='ltr'><strong>civibus</strong></span> <span class='ocrx_word' id='word_1_93' title='bbox 810 1794 875 1856; x_wconf 91' lang='lat' dir='ltr'><strong>sibi</strong></span> <span class='ocrx_word' id='word_1_94' title='bbox 907 1793 1115 1868; x_wconf 83' lang='lat' dir='ltr'><strong>faventibus,</strong></span> <span class='ocrx_word' id='word_1_95' title='bbox 1157 1791 1320 1854; x_wconf 90' lang='lat' dir='ltr'><strong>continuo</strong></span> 
     </span>
    </p>

    <p class='ocr_par' dir='ltr' id='par_1_16' title="bbox 369 1889 1321 1973">
     <span class='ocr_line' id='line_1_16' title="bbox 369 1889 1321 1973; baseline 0.004 -23"><span class='ocrx_word' id='word_1_96' title='bbox 369 1891 576 1970; x_wconf 87' lang='lat' dir='ltr'><strong>occupavit;</strong></span> <span class='ocrx_word' id='word_1_97' title='bbox 610 1893 670 1972; x_wconf 92' lang='lat' dir='ltr'><strong>qui</strong></span> <span class='ocrx_word' id='word_1_98' title='bbox 692 1893 798 1956; x_wconf 88' lang='lat' dir='ltr'><strong>etiam</strong></span> <span class='ocrx_word' id='word_1_99' title='bbox 824 1892 941 1973; x_wconf 81' lang='lat' dir='ltr'><strong>legato</strong></span> <span class='ocrx_word' id='word_1_100' title='bbox 964 1891 999 1954; x_wconf 93' lang='lat' dir='ltr'><strong>in</strong></span> <span class='ocrx_word' id='word_1_101' title='bbox 1023 1890 1136 1954; x_wconf 86' lang='lat' dir='ltr'><strong>Turre</strong></span> <span class='ocrx_word' id='word_1_102' title='bbox 1159 1889 1321 1954; x_wconf 87' lang='lat' dir='ltr'><strong>existenti</strong></span> 
     </span>
    </p>

    <p class='ocr_par' dir='ltr' id='par_1_17' title="bbox 368 1987 1320 2071">
     <span class='ocr_line' id='line_1_17' title="bbox 368 1987 1320 2071; baseline 0.004 -22"><span class='ocrx_word' id='word_1_103' title='bbox 368 1988 503 2051; x_wconf 88' lang='lat' dir='ltr'><strong>exitum</strong></span> <span class='ocrx_word' id='word_1_104' title='bbox 516 2009 636 2054; x_wconf 90' lang='lat' dir='ltr'><strong>versus</strong></span> <span class='ocrx_word' id='word_1_105' title='bbox 648 1991 825 2054; x_wconf 89' lang='lat' dir='ltr'><strong>civitatem</strong></span> <span class='ocrx_word' id='word_1_106' title='bbox 837 1990 975 2055; x_wconf 91' lang='lat' dir='ltr'><strong>omnino</strong></span> <span class='ocrx_word' id='word_1_107' title='bbox 989 1988 1178 2071; x_wconf 82' lang='lat' dir='ltr'><strong>praeclusit.</strong></span> <span class='ocrx_word' id='word_1_108' title='bbox 1218 1987 1320 2066; x_wconf 88' lang='lat' dir='ltr'><strong>Quod</strong></span> 
     </span>
    </p>

    <p class='ocr_par' dir='ltr' id='par_1_18' title="bbox 369 2087 1320 2169">
     <span class='ocr_line' id='line_1_18' title="bbox 369 2087 1320 2169; baseline 0.002 -21"><span class='ocrx_word' id='word_1_109' title='bbox 369 2105 433 2149; x_wconf 84' lang='lat' dir='ltr'><strong>rex</strong></span> <span class='ocrx_word' id='word_1_110' title='bbox 443 2105 525 2150; x_wconf 90' lang='lat' dir='ltr'><strong>mox</strong></span> <span class='ocrx_word' id='word_1_111' title='bbox 537 2090 763 2169; x_wconf 89' lang='lat' dir='ltr'><strong>comperiens,</strong></span> <span class='ocrx_word' id='word_1_112' title='bbox 773 2089 985 2152; x_wconf 89' lang='lat' dir='ltr'><strong>obsidionem</strong></span> <span class='ocrx_word' id='word_1_113' title='bbox 998 2087 1123 2151; x_wconf 87' lang='lat' dir='ltr'><strong>insulae</strong></span> <span class='ocrx_word' id='word_1_114' title='bbox 1136 2087 1320 2169; x_wconf 85' lang='lat' dir='ltr'><strong>reliquens,</strong></span> 
     </span>
    </p>

    <p class='ocr_par' dir='ltr' id='par_1_19' title="bbox 368 2182 1320 2274">
     <span class='ocr_line' id='line_1_19' title="bbox 368 2182 1320 2274; baseline 0.001 -28"><span class='ocrx_word' id='word_1_115' title='bbox 368 2192 450 2266; x_wconf 90' lang='lat' dir='ltr'><strong>post</strong></span> <span class='ocrx_word' id='word_1_116' title='bbox 472 2194 589 2249; x_wconf 89' lang='lat' dir='ltr'><strong>octav.</strong></span> <span class='ocrx_word' id='word_1_117' title='bbox 606 2185 753 2250; x_wconf 82' lang='lat' dir='ltr'><strong>Paschae</strong></span> <span class='ocrx_word' id='word_1_118' title='bbox 771 2182 834 2274; x_wconf 79' lang='lat'><strong>[24</strong></span> <span class='ocrx_word' id='word_1_119' title='bbox 852 2186 881 2249; x_wconf 88' lang='lat' dir='ltr'><strong>A</strong></span> <span class='ocrx_word' id='word_1_120' title='bbox 886 2186 954 2267; x_wconf 93' lang='lat' dir='ltr'><strong>pr.]</strong></span> <span class='ocrx_word' id='word_1_121' title='bbox 973 2185 1066 2268; x_wconf 87' lang='lat' dir='ltr'><strong>apud</strong></span> <span class='ocrx_word' id='word_1_122' title='bbox 1085 2184 1256 2248; x_wconf 77' lang='lat' dir='ltr'><strong>stratford</strong></span> <span class='ocrx_word' id='word_1_123' title='bbox 1281 2203 1320 2247; x_wconf 89' lang='lat' dir='ltr'><strong>se</strong></span> 
     </span>
    </p>

    <p class='ocr_par' dir='ltr' id='par_1_20' title="bbox 371 2281 1318 2365">
     <span class='ocr_line' id='line_1_20' title="bbox 371 2281 1318 2365; baseline 0 -21"><span class='ocrx_word' id='word_1_124' title='bbox 371 2282 515 2362; x_wconf 89' lang='lat' dir='ltr'><strong>recepit,</strong></span> <span class='ocrx_word' id='word_1_125' title='bbox 539 2282 756 2347; x_wconf 90' lang='lat' dir='ltr'><strong>Londoniam</strong></span> <span class='ocrx_word' id='word_1_126' title='bbox 782 2285 1007 2362; x_wconf 89' lang='lat' dir='ltr'><strong>obsessurus;</strong></span> <span class='ocrx_word' id='word_1_127' title='bbox 1043 2301 1113 2365; x_wconf 91' lang='lat' dir='ltr'><strong>quo</strong></span> <span class='ocrx_word' id='word_1_128' title='bbox 1144 2300 1256 2346; x_wconf 86' lang='lat' dir='ltr'><strong>comcs</strong></span> <span class='ocrx_word' id='word_1_129' title='bbox 1283 2281 1318 2346; x_wconf 91' lang='lat' dir='ltr'><strong>S.</strong></span> 
     </span>
    </p>

    <p class='ocr_par' dir='ltr' id='par_1_21' title="bbox 372 2378 1321 2463">
     <span class='ocr_line' id='line_1_21' title="bbox 372 2378 1321 2463; baseline 0.002 -22"><span class='ocrx_word' id='word_1_130' title='bbox 372 2378 489 2457; x_wconf 91' lang='lat' dir='ltr'><strong>Pauli,</strong></span> <span class='ocrx_word' id='word_1_131' title='bbox 504 2400 619 2445; x_wconf 90' lang='lat' dir='ltr'><strong>comes</strong></span> <span class='ocrx_word' id='word_1_132' title='bbox 636 2382 803 2460; x_wconf 89' lang='lat' dir='ltr'><strong>Boloniae,</strong></span> <span class='ocrx_word' id='word_1_133' title='bbox 822 2391 859 2446; x_wconf 92' lang='lat' dir='ltr'><strong>et</strong></span> <span class='ocrx_word' id='word_1_134' title='bbox 881 2400 996 2446; x_wconf 90' lang='lat' dir='ltr'><strong>comes</strong></span> <span class='ocrx_word' id='word_1_135' title='bbox 1015 2381 1058 2444; x_wconf 92' lang='lat' dir='ltr'><strong>de</strong></span> <span class='ocrx_word' id='word_1_136' title='bbox 1077 2380 1226 2463; x_wconf 88' lang='lat' dir='ltr'><strong>Gysnes,</strong></span> <span class='ocrx_word' id='word_1_137' title='bbox 1243 2388 1321 2443; x_wconf 89' lang='lat' dir='ltr'><strong>cuin</strong></span> 
     </span>
    </p>

    <p class='ocr_par' dir='ltr' id='par_1_22' title="bbox 372 2478 1322 2562">
     <span class='ocr_line' id='line_1_22' title="bbox 372 2478 1322 2562; baseline 0.002 -22"><span class='ocrx_word' id='word_1_138' title='bbox 372 2498 501 2560; x_wconf 86' lang='lat' dir='ltr'><strong>magno</strong></span> <span class='ocrx_word' id='word_1_139' title='bbox 540 2488 713 2562; x_wconf 87' lang='lat' dir='ltr'><strong>apparatu</strong></span> <span class='ocrx_word' id='word_1_140' title='bbox 744 2489 925 2557; x_wconf 80' lang='lat' dir='ltr'><strong>venerunt,</strong></span> <span class='ocrx_word' id='word_1_141' title='bbox 958 2479 1127 2544; x_wconf 84' lang='lat' dir='ltr'><strong>auxilium</strong></span> <span class='ocrx_word' id='word_1_142' title='bbox 1157 2478 1230 2560; x_wconf 80' lang='lat' dir='ltr'><strong>regi</strong></span> <span class='ocrx_word' id='word_1_143' title='bbox 1258 2498 1322 2560; x_wconf 90' lang='lat' dir='ltr'><strong>pro</strong></span> 
     </span>
    </p>

    <p class='ocr_par' dir='ltr' id='par_1_23' title="bbox 373 2577 1320 2667">
     <span class='ocr_line' id='line_1_23' title="bbox 373 2577 1320 2667; baseline 0 -27"><span class='ocrx_word' id='word_1_144' title='bbox 373 2577 506 2667; x_wconf 89' lang='lat' dir='ltr'><strong>viribus</strong></span> <span class='ocrx_word' id='word_1_145' title='bbox 531 2579 742 2660; x_wconf 83' lang='lat' dir='ltr'><strong>praestaturi.</strong></span> <span class='ocrx_word' id='word_1_146' title='bbox 794 2579 888 2643; x_wconf 92' lang='lat' dir='ltr'><strong>Dum</strong></span> <span class='ocrx_word' id='word_1_147' title='bbox 918 2579 993 2642; x_wconf 84' lang='lat' dir='ltr'><strong>haec</strong></span> <span class='ocrx_word' id='word_1_148' title='bbox 1021 2585 1219 2659; x_wconf 85' lang='lat' dir='ltr'><strong>agerentur,</strong></span> <span class='ocrx_word' id='word_1_149' title='bbox 1246 2578 1320 2658; x_wconf 93' lang='lat' dir='ltr'><strong>qui·</strong></span> 
     </span>
    </p>

    <p class='ocr_par' dir='ltr' id='par_1_24' title="bbox 372 2664 1322 2757">
     <span class='ocr_line' id='line_1_24' title="bbox 372 2664 1322 2757; baseline 0.001 -21"><span class='ocrx_word' id='word_1_150' title='bbox 372 2664 519 2739; x_wconf 88' lang='lat' dir='ltr'><strong>busdam</strong></span> <span class='ocrx_word' id='word_1_151' title='bbox 550 2676 685 2740; x_wconf 91' lang='lat' dir='ltr'><strong>curiose</strong></span> <span class='ocrx_word' id='word_1_152' title='bbox 713 2677 1022 2740; x_wconf 87' lang='lat' dir='ltr'><strong>intervenientibus</strong></span> <span class='ocrx_word' id='word_1_153' title='bbox 1052 2675 1096 2737; x_wconf 90' lang='lat' dir='ltr'><strong>de</strong></span> <span class='ocrx_word' id='word_1_154' title='bbox 1120 2693 1207 2757; x_wconf 91' lang='lat' dir='ltr'><strong>pace</strong></span> <span class='ocrx_word' id='word_1_155' title='bbox 1231 2673 1322 2738; x_wconf 92' lang='lat' dir='ltr'><strong>inter</strong></span> 
     </span>
    </p>

    <p class='ocr_par' dir='ltr' id='par_1_25' title="bbox 376 2763 1321 2860">
     <span class='ocr_line' id='line_1_25' title="bbox 376 2763 1321 2860; baseline 0.001 -25"><span class='ocrx_word' id='word_1_156' title='bbox 376 2763 474 2860; x_wconf 91' lang='lat' dir='ltr'><strong>[eos]</strong></span> <span class='ocrx_word' id='word_1_157' title='bbox 495 2773 715 2837; x_wconf 90' lang='lat' dir='ltr'><strong>reformanda</strong></span> <span class='ocrx_word' id='word_1_158' title='bbox 730 2781 980 2850; x_wconf 87' lang='lat' dir='ltr'><strong>tractaverunt,</strong></span> <span class='ocrx_word' id='word_1_159' title='bbox 990 2781 1025 2837; x_wconf 89' lang='lat' dir='ltr'><strong>et</strong></span> <span class='ocrx_word' id='word_1_160' title='bbox 1042 2773 1130 2836; x_wconf 85' lang='lat' dir='ltr'><strong>citra</strong></span> <span class='ocrx_word' id='word_1_161' title='bbox 1144 2772 1270 2836; x_wconf 79' lang='lat' dir='ltr'><strong>festum</strong></span> <span class='ocrx_word' id='word_1_162' title='bbox 1284 2770 1321 2836; x_wconf 91' lang='lat' dir='ltr'><strong>S.</strong></span> 
     </span>
    </p>

    <p class='ocr_par' dir='ltr' id='par_1_26' title="bbox 372 2865 1321 2958">
     <span class='ocr_line' id='line_1_26' title="bbox 372 2865 1321 2958; baseline -0.001 -25"><span class='ocrx_word' id='word_1_163' title='bbox 372 2870 396 2933; x_wconf 88' lang='lat' dir='ltr'><strong>J</strong></span> <span class='ocrx_word' id='word_1_164' title='bbox 399 2870 546 2934; x_wconf 89' lang='lat' dir='ltr'><strong>ohannis</strong></span> <span class='ocrx_word' id='word_1_165' title='bbox 563 2871 735 2954; x_wconf 76' lang='lat' dir='ltr'><strong>Baptistae</strong></span> <span class='ocrx_word' id='word_1_166' title='bbox 755 2866 849 2958; x_wconf 78' lang='lat'><strong>[241</strong></span> <span class='ocrx_word' id='word_1_167' title='bbox 854 2865 931 2957; x_wconf 83' lang='lat' dir='ltr'><strong>un]</strong></span> <span class='ocrx_word' id='word_1_168' title='bbox 946 2891 1017 2953; x_wconf 86' lang='lat' dir='ltr'><strong>pax</strong></span> <span class='ocrx_word' id='word_1_169' title='bbox 1033 2872 1125 2934; x_wconf 88' lang='lat' dir='ltr'><strong>inter</strong></span> <span class='ocrx_word' id='word_1_170' title='bbox 1141 2891 1200 2934; x_wconf 92' lang='lat' dir='ltr'><strong>eos</strong></span> <span class='ocrx_word' id='word_1_171' title='bbox 1214 2870 1321 2934; x_wconf 83' lang='lat' dir='ltr'><strong>refor-</strong></span> 
     </span>
    </p>

    <p class='ocr_par' dir='ltr' id='par_1_27' title="bbox 373 2968 1321 3052">
     <span class='ocr_line' id='line_1_27' title="bbox 373 2968 1321 3052; baseline 0.001 -22"><span class='ocrx_word' id='word_1_172' title='bbox 373 2976 468 3031; x_wconf 87' lang='lat' dir='ltr'><strong>mata</strong></span> <span class='ocrx_word' id='word_1_173' title='bbox 484 2977 557 3047; x_wconf 86' lang='lat' dir='ltr'><strong>est3</strong></span> <span class='ocrx_word' id='word_1_174' title='bbox 583 2971 707 3033; x_wconf 89' lang='lat' dir='ltr'><strong>comite</strong></span> <span class='ocrx_word' id='word_1_175' title='bbox 720 2972 756 3033; x_wconf 93' lang='lat' dir='ltr'><strong>in</strong></span> <span class='ocrx_word' id='word_1_176' title='bbox 769 2970 955 3052; x_wconf 89' lang='lat' dir='ltr'><strong>praesentia</strong></span> <span class='ocrx_word' id='word_1_177' title='bbox 962 2970 1083 3050; x_wconf 84' lang='lat' dir='ltr'><strong>legati,</strong></span> <span class='ocrx_word' id='word_1_178' title='bbox 1095 2989 1200 3051; x_wconf 91' lang='lat' dir='ltr'><strong>super</strong></span> <span class='ocrx_word' id='word_1_179' title='bbox 1211 2968 1321 3031; x_wconf 87' lang='lat' dir='ltr'><strong>altare</strong></span> 
     </span>
    </p>

    <p class='ocr_par' dir='ltr' id='par_1_28' title="bbox 375 3066 1320 3150">
     <span class='ocr_line' id='line_1_28' title="bbox 375 3066 1320 3150; baseline 0 -22"><span class='ocrx_word' id='word_1_180' title='bbox 375 3066 411 3131; x_wconf 90' lang='lat' dir='ltr'><strong>S.</strong></span> <span class='ocrx_word' id='word_1_181' title='bbox 431 3067 536 3129; x_wconf 89' lang='lat' dir='ltr'><strong>Pauli</strong></span> <span class='ocrx_word' id='word_1_182' title='bbox 547 3069 703 3150; x_wconf 86' lang='lat' dir='ltr'><strong>jurante,</strong></span> <span class='ocrx_word' id='word_1_183' title='bbox 724 3088 762 3131; x_wconf 93' lang='lat' dir='ltr'><strong>se</strong></span> <span class='ocrx_word' id='word_1_184' title='bbox 778 3087 876 3131; x_wconf 90' lang='lat' dir='ltr'><strong>arma</strong></span> <span class='ocrx_word' id='word_1_185' title='bbox 891 3076 1013 3131; x_wconf 90' lang='lat' dir='ltr'><strong>contra</strong></span> <span class='ocrx_word' id='word_1_186' title='bbox 1028 3068 1205 3130; x_wconf 88' lang='lat' dir='ltr'><strong>dominum</strong></span> <span class='ocrx_word' id='word_1_187' title='bbox 1219 3085 1320 3130; x_wconf 90' lang='lat' dir='ltr'><strong>suum</strong></span> 
     </span>
    </p>

    <p class='ocr_par' dir='ltr' id='par_1_29' title="bbox 373 3166 1322 3246">
     <span class='ocr_line' id='line_1_29' title="bbox 373 3166 1322 3246; baseline 0.002 -20"><span class='ocrx_word' id='word_1_188' title='bbox 373 3184 491 3245; x_wconf 82' lang='lat' dir='ltr'><strong>regem</strong></span> <span class='ocrx_word' id='word_1_189' title='bbox 516 3167 583 3229; x_wconf 92' lang='lat' dir='ltr'><strong>nisi</strong></span> <span class='ocrx_word' id='word_1_190' title='bbox 609 3186 647 3230; x_wconf 93' lang='lat' dir='ltr'><strong>se</strong></span> <span class='ocrx_word' id='word_1_191' title='bbox 671 3166 885 3229; x_wconf 85' lang='lat' dir='ltr'><strong>defendendo</strong></span> <span class='ocrx_word' id='word_1_192' title='bbox 900 3185 1078 3246; x_wconf 90' lang='lat' dir='ltr'><strong>nunquam</strong></span> <span class='ocrx_word' id='word_1_193' title='bbox 1094 3172 1322 3245; x_wconf 87' lang='lat' dir='ltr'><strong>portaturum.</strong></span> 
     </span>
    </p>

    <p class='ocr_par' dir='ltr' id='par_1_30' title="bbox 374 3263 1324 3328">
     <span class='ocr_line' id='line_1_30' title="bbox 374 3263 1324 3328; baseline 0.001 -3"><span class='ocrx_word' id='word_1_194' title='bbox 374 3263 676 3328; x_wconf 88' lang='lat' dir='ltr'><strong>Londoniensibus</strong></span> <span class='ocrx_word' id='word_1_195' title='bbox 693 3266 811 3328; x_wconf 89' lang='lat' dir='ltr'><strong>comiti</strong></span> <span class='ocrx_word' id='word_1_196' title='bbox 829 3264 1026 3327; x_wconf 85' lang='lat' dir='ltr'><strong>faventibus</strong></span> <span class='ocrx_word' id='word_1_197' title='bbox 1044 3264 1151 3325; x_wconf 91' lang='lat' dir='ltr'><strong>vitam</strong></span> <span class='ocrx_word' id='word_1_198' title='bbox 1169 3272 1204 3326; x_wconf 88' lang='lat' dir='ltr'><strong>et</strong></span> <span class='ocrx_word' id='word_1_199' title='bbox 1218 3283 1324 3326; x_wconf 91' lang='lat' dir='ltr'><strong>mem·</strong></span> 
     </span>
    </p>

    <p class='ocr_par' dir='ltr' id='par_1_31' title="bbox 373 3361 1323 3438">
     <span class='ocr_line' id='line_1_31' title="bbox 373 3361 1323 3438; baseline 0.001 -15"><span class='ocrx_word' id='word_1_200' title='bbox 373 3363 474 3424; x_wconf 91' lang='lat' dir='ltr'><strong>brum</strong></span> <span class='ocrx_word' id='word_1_201' title='bbox 501 3382 564 3425; x_wconf 84' lang='lat' dir='ltr'><strong>rex</strong></span> <span class='ocrx_word' id='word_1_202' title='bbox 588 3365 770 3438; x_wconf 90' lang='lat' dir='ltr'><strong>concessit,</strong></span> <span class='ocrx_word' id='word_1_203' title='bbox 794 3363 871 3425; x_wconf 92' lang='lat' dir='ltr'><strong>aliis</strong></span> <span class='ocrx_word' id='word_1_204' title='bbox 896 3362 1064 3425; x_wconf 85' lang='lat' dir='ltr'><strong>auxilium</strong></span> <span class='ocrx_word' id='word_1_205' title='bbox 1087 3361 1180 3424; x_wconf 91' lang='lat' dir='ltr'><strong>dicto</strong></span> <span class='ocrx_word' id='word_1_206' title='bbox 1207 3361 1323 3425; x_wconf 88' lang='lat' dir='ltr'><strong>comiti</strong></span> 
     </span>
    </p>

    <p class='ocr_par' dir='ltr' id='par_1_32' title="bbox 375 3458 1323 3536">
     <span class='ocr_line' id='line_1_32' title="bbox 375 3458 1323 3536; baseline 0.001 -16"><span class='ocrx_word' id='word_1_207' title='bbox 375 3460 578 3536; x_wconf 88' lang='lat' dir='ltr'><strong>ferentibus,</strong></span> <span class='ocrx_word' id='word_1_208' title='bbox 593 3461 783 3523; x_wconf 90' lang='lat' dir='ltr'><strong>secundum</strong></span> <span class='ocrx_word' id='word_1_209' title='bbox 799 3460 929 3523; x_wconf 89' lang='lat' dir='ltr'><strong>dictum</strong></span> <span class='ocrx_word' id='word_1_210' title='bbox 954 3461 997 3522; x_wconf 93' lang='lat' dir='ltr'><strong>de</strong></span> <span class='ocrx_word' id='word_1_211' title='bbox 1019 3458 1269 3534; x_wconf 88' lang='lat' dir='ltr'><strong>Kenilewurtb,</strong></span> <span class='ocrx_word' id='word_1_212' title='bbox 1287 3459 1323 3521; x_wconf 95' lang='lat' dir='ltr'><strong>in</strong></span> 
     </span>
    </p>

    <p class='ocr_par' dir='ltr' id='par_1_33' title="bbox 374 3556 1326 3639">
     <span class='ocr_line' id='line_1_33' title="bbox 374 3556 1326 3639; baseline 0 -21"><span class='ocrx_word' id='word_1_213' title='bbox 374 3575 461 3636; x_wconf 90' lang='lat' dir='ltr'><strong>pace</strong></span> <span class='ocrx_word' id='word_1_214' title='bbox 477 3559 637 3638; x_wconf 87' lang='lat' dir='ltr'><strong>receptis.</strong></span> <span class='ocrx_word' id='word_1_215' title='bbox 690 3558 760 3623; x_wconf 84' lang='lat' dir='ltr'><strong>His</strong></span> <span class='ocrx_word' id='word_1_216' title='bbox 783 3559 933 3639; x_wconf 89' lang='lat' dir='ltr'><strong>peractis</strong></span> <span class='ocrx_word' id='word_1_217' title='bbox 959 3577 1022 3620; x_wconf 88' lang='lat' dir='ltr'><strong>rex</strong></span> <span class='ocrx_word' id='word_1_218' title='bbox 1041 3556 1255 3620; x_wconf 90' lang='lat' dir='ltr'><strong>Loudoniam</strong></span> <span class='ocrx_word' id='word_1_219' title='bbox 1271 3557 1326 3618; x_wconf 90' lang='lat' dir='ltr'><strong>in·</strong></span> 
     </span>
    </p>

    <p class='ocr_par' dir='ltr' id='par_1_34' title="bbox 374 3649 1323 3742">
     <span class='ocr_line' id='line_1_34' title="bbox 374 3649 1323 3742; baseline 0.001 -26"><span class='ocrx_word' id='word_1_220' title='bbox 374 3674 516 3735; x_wconf 86' lang='lat' dir='ltr'><strong>gressus</strong></span> <span class='ocrx_word' id='word_1_221' title='bbox 550 3664 614 3731; x_wconf 91' lang='lat' dir='ltr'><strong>est,</strong></span> <span class='ocrx_word' id='word_1_222' title='bbox 644 3672 722 3718; x_wconf 81' lang='lat' dir='ltr'><strong>xlv.</strong></span> <span class='ocrx_word' id='word_1_223' title='bbox 757 3655 828 3718; x_wconf 87' lang='lat' dir='ltr'><strong>kal.</strong></span> <span class='ocrx_word' id='word_1_224' title='bbox 861 3655 948 3718; x_wconf 89' lang='lat' dir='ltr'><strong>Julii</strong></span> <span class='ocrx_word' id='word_1_225' title='bbox 982 3652 1042 3736; x_wconf 85' lang='grc'><strong>[18</strong></span> <span class='ocrx_word' id='word_1_226' title='bbox 1077 3649 1194 3742; x_wconf 90' lang='lat' dir='ltr'><strong>Jun.],</strong></span> <span class='ocrx_word' id='word_1_227' title='bbox 1227 3654 1323 3717; x_wconf 92' lang='lat' dir='ltr'><strong>nullo</strong></span> 
     </span>
    </p>

    <p class='ocr_par' dir='ltr' id='par_1_35' title="bbox 375 3752 1325 3834">
     <span class='ocr_line' id='line_1_35' title="bbox 375 3752 1325 3834; baseline 0 -19"><span class='ocrx_word' id='word_1_228' title='bbox 375 3754 533 3834; x_wconf 87' lang='lat' dir='ltr'><strong>exceptis</strong></span> <span class='ocrx_word' id='word_1_229' title='bbox 549 3755 683 3817; x_wconf 91' lang='lat' dir='ltr'><strong>civibus</strong></span> <span class='ocrx_word' id='word_1_230' title='bbox 704 3755 797 3817; x_wconf 89' lang='lat' dir='ltr'><strong>ultra</strong></span> <span class='ocrx_word' id='word_1_231' title='bbox 817 3754 969 3816; x_wconf 87' lang='lat' dir='ltr'><strong>triduum</strong></span> <span class='ocrx_word' id='word_1_232' title='bbox 989 3752 1025 3815; x_wconf 95' lang='lat' dir='ltr'><strong>in</strong></span> <span class='ocrx_word' id='word_1_233' title='bbox 1050 3755 1134 3815; x_wconf 91' lang='lat' dir='ltr'><strong>urbe</strong></span> <span class='ocrx_word' id='word_1_234' title='bbox 1151 3771 1325 3816; x_wconf 88' lang='lat' dir='ltr'><strong>remanere</strong></span> 
     </span>
    </p>

    <p class='ocr_par' dir='ltr' id='par_1_36' title="bbox 374 3850 1363 4032">
     <span class='ocr_line' id='line_1_36' title="bbox 374 3850 1325 3934; baseline -0.003 -20"><span class='ocrx_word' id='word_1_235' title='bbox 374 3852 555 3932; x_wconf 88' lang='lat' dir='ltr'><strong>permisso.</strong></span> <span class='ocrx_word' id='word_1_236' title='bbox 609 3852 752 3916; x_wconf 90' lang='lat' dir='ltr'><strong>Ribaldi</strong></span> <span class='ocrx_word' id='word_1_237' title='bbox 767 3852 907 3934; x_wconf 88' lang='lat' dir='ltr'><strong>quidam</strong></span> <span class='ocrx_word' id='word_1_238' title='bbox 928 3853 970 3915; x_wconf 94' lang='lat' dir='ltr'><strong>de</strong></span> <span class='ocrx_word' id='word_1_239' title='bbox 988 3853 1179 3915; x_wconf 89' lang='lat' dir='ltr'><strong>munitione</strong></span> <span class='ocrx_word' id='word_1_240' title='bbox 1195 3850 1325 3913; x_wconf 89' lang='lat' dir='ltr'><strong>Eliensi</strong></span> 
     </span>
     <span class='ocr_line' id='line_1_37' title="bbox 375 3948 1363 4032; baseline -0.001 -22"><span class='ocrx_word' id='word_1_241' title='bbox 375 3951 604 4028; x_wconf 82' lang='lat' dir='ltr'><strong>egredientes,</strong></span> <span class='ocrx_word' id='word_1_242' title='bbox 628 3970 734 4031; x_wconf 89' lang='lat' dir='ltr'><strong>equos</strong></span> <span class='ocrx_word' id='word_1_243' title='bbox 764 3951 979 4032; x_wconf 89' lang='lat' dir='ltr'><strong>quorundam</strong></span> <span class='ocrx_word' id='word_1_244' title='bbox 1008 3951 1173 4024; x_wconf 89' lang='lat' dir='ltr'><strong>virorum,</strong></span> <span class='ocrx_word' id='word_1_245' title='bbox 1201 3949 1259 4029; x_wconf 92' lang='lat' dir='ltr'><strong>qui</strong></span> <span class='ocrx_word' id='word_1_246' title='bbox 1289 3948 1325 4009; x_wconf 93' lang='lat' dir='ltr'><strong>in</strong></span> <span class='ocrx_word' id='word_1_247' title='bbox 1357 3950 1363 3956; x_wconf 88' lang='lat'>&#39;</span> 
     </span>
    </p>

    <p class='ocr_par' dir='ltr' id='par_1_37' title="bbox 374 4046 1324 4129">
     <span class='ocr_line' id='line_1_38' title="bbox 374 4046 1324 4129; baseline 0.002 -22"><span class='ocrx_word' id='word_1_248' title='bbox 374 4049 617 4110; x_wconf 86' lang='lat' dir='ltr'><strong>secretioribus</strong></span> <span class='ocrx_word' id='word_1_249' title='bbox 634 4048 719 4111; x_wconf 89' lang='lat' dir='ltr'><strong>locis</strong></span> <span class='ocrx_word' id='word_1_250' title='bbox 730 4050 834 4111; x_wconf 91' lang='lat' dir='ltr'><strong>curiae</strong></span> <span class='ocrx_word' id='word_1_251' title='bbox 851 4051 944 4111; x_wconf 91' lang='lat' dir='ltr'><strong>beati</strong></span> <span class='ocrx_word' id='word_1_252' title='bbox 957 4049 1118 4129; x_wconf 88' lang='lat' dir='ltr'><strong>martyris</strong></span> <span class='ocrx_word' id='word_1_253' title='bbox 1132 4046 1324 4109; x_wconf 89' lang='lat' dir='ltr'><strong>Eadmundi</strong></span> 
     </span>
    </p>
   </div>
   <div class='ocr_carea' id='block_1_3' title="bbox 0 0 1549 4508">
    <p class='ocr_par' dir='ltr' id='par_1_38' title="bbox 0 0 1549 4508">
     <span class='ocr_line' id='line_1_39' title="bbox 0 0 1549 4508; baseline 0 0"><span class='ocrx_word' id='word_1_254' title='bbox 0 0 1549 4508; x_wconf 95' lang='lat' dir='ltr'><strong> </strong></span> 
     </span>
    </p>
   </div>
  </div>
 </body>
</html>
