3074 4508
440 337 635 385 rnonunru
663 335 943 385 wroonnrnnsrs.
1125 324 1169 386 23

214 498 304 554 terat
322 491 616 568 Nummorum,
642 492 703 556 sed
732 501 846 555 tamen
868 493 1020 556 maxime
1035 494 1169 573 Anglo-

214 609 302 666 rum,
318 593 470 672 equestri
482 602 516 655 et
531 591 692 674 pedestri,
706 592 787 656 licet
804 592 980 669 mediocri,
997 592 1167 668 exercitu,

213 696 370 753 statuens
386 691 494 771 leges,
509 690 715 771 promittens
730 690 923 755 fautoribus
934 694 1051 755 omnia
1064 693 1168 767 bona,

214 784 323 851 fretus
340 790 408 852 Dei
423 789 619 864 clementia,
639 808 710 870 qua
731 790 897 870 majorem
920 791 1073 854 hostium
1091 810 1168 853 esse

213 886 376 950 audiebat
400 888 666 963 multitudinem,
686 889 826 952 tendere
852 888 1024 969 disposuit
1049 888 1167 952 Rove-

213 995 394 1049 ceastram.
447 986 612 1050 Relatum
637 988 728 1050 enim
755 997 831 1051 erat
854 988 897 1063 ei,
920 988 968 1050 ibi
994 1006 1070 1051 esse
1094 988 1167 1068 epi-

212 1101 355 1165 scopum
380 1084 535 1148 Odonem
556 1105 635 1148 cum
659 1087 817 1149 omnibus
833 1087 919 1162 suis,
935 1095 970 1150 et
988 1086 1110 1150 cohort
1096 1092 1166 1149 tern

187 1181 486 1253 ,ultramarinam
533 1184 628 1246 Hinc
649 1186 749 1265 signa
770 1204 926 1259 monens,
944 1194 1200 1271 coeptumque

212 1298 253 1360 ag,
244 1283 418 1362 grediens
435 1284 513 1358 iter,
528 1282 819 1362 Tunebrycgiam,
834 1283 891 1344 cui
906 1293 1054 1364 praeerat
1071 1278 1200 1345 Gile-

212 1380 331 1443 bcrtus
362 1381 455 1443 filius
491 1381 646 1456 Ricardi,
671 1382 881 1444 contrarium
911 1382 978 1444 sibi
1011 1382 1164 1444 invenit:
1157 1371 1196 1416 Α

212 1479 359 1554 obsedit,
386 1480 422 1541 in
446 1479 551 1542 biduo
574 1480 803 1561 expugnavit,
827 1481 1046 1543 vulneratum
1071 1480 1182 1562 Gile-

211 1578 346 1640 bertum
360 1597 439 1641 cum
455 1578 600 1641 castello
613 1577 656 1640 ad
673 1578 880 1642 deditionem
894 1598 980 1658 coe<
981 1580 1019 1641 it.
1056 1535 1183 1683 Fama}

212 1676 333 1739 volans
360 1677 445 1740 dicti
471 1678 629 1757 pervenit
657 1677 788 1740 Odonis
814 1677 857 1739 ad
883 1695 996 1750 aureS,
1022 1684 1057 1738 et
1087 1695 1165 1738 curn

211 1776 313 1838 sociis
344 1775 432 1839 inito
461 1775 617 1851 consilio,
649 1775 845 1856 relinquens
877 1775 1165 1850 Roveceastram,

210 1889 288 1932 cum
318 1875 440 1954 paucis
470 1875 556 1937 adiit
586 1882 736 1936 castrum
769 1872 886 1936 fratris
918 1874 973 1934 sui
1003 1873 1167 1937 Rotberti

212 1968 464 2033 Moritunensis
495 1972 644 2047 comitis,
674 1970 766 2051 quod
801 1970 1001 2034 Pevenesea
1028 1972 1164 2047 dicitur,

210 2067 422 2150 fratremque
439 2069 626 2151 reperiens,
642 2087 720 2132 eum
738 2075 778 2131 nt
800 2087 838 2131 se
860 2074 978 2131 teneat
993 2069 1166 2144 hortatur,

211 2166 379 2246 pollicens
396 2187 435 2231 se
451 2186 593 2231 securos
609 2167 658 2230 ibi
674 2185 776 2248 posse
792 2186 879 2242 esse,
895 2173 930 2229 et
945 2167 1029 2229 dum
1044 2187 1106 2231 rex
1122 2168 1164 2230 ad

210 2266 479 2346 expugnandam
513 2266 786 2335 Roveceastram
821 2265 1030 2341 intenderet,
1059 2267 1165 2329 comi-

209 2368 279 2424 tem
303 2362 530 2426 Normanniae
546 2383 626 2426 cnm
650 2382 777 2443 magno
795 2365 950 2427 exercitu
969 2372 1165 2439 venturum,

210 2478 317 2541 seque
339 2480 491 2543 suosque
514 2462 749 2537 liberaturum,
772 2468 808 2524 et
830 2480 958 2541 magna
972 2463 1164 2524 fautoribus

210 2559 283 2622 suis
308 2560 424 2623 dando
446 2561 601 2642 praemia,
627 2579 770 2640 regnum
794 2567 1029 2640 accepturum.
1082 2560 1163 2623 Rex

208 2657 327 2737 igitur,
342 2668 548 2740 expugnata
561 2657 818 2740 Tunebrycgia,
830 2666 865 2722 et
880 2658 924 2720 ab
938 2658 1061 2721 incolis
1080 2657 1164 2720 fide·

209 2752 308 2819 litate
330 2767 485 2839 accepta,
510 2757 633 2820 relicto
658 2764 801 2838 propter
817 2757 943 2820 vulnus
971 2755 1164 2832 Gileberto,

209 2862 244 2916 et
268 2855 413 2919 castello
431 2857 466 2918 in
485 2855 645 2919 custodia
669 2855 796 2931 locato,
811 2856 923 2917 iturus
945 2862 984 2918 ut
1003 2854 1163 2935 disposu-

208 2959 284 3014 erat
310 2952 596 3028 Roveceastram,
614 2952 747 3016 audivit
769 2959 932 3035 patruum
954 2953 1033 3015 inde
1048 2971 1162 3015 reces-

208 3050 296 3112 sisse
318 3059 353 3114 et
378 3052 578 3115 Pevenesea
596 3052 732 3114 adiisse.
779 3050 874 3114 Inito
896 3051 1015 3130 itaque
1033 3051 1164 3113 salubri

210 3149 473 3225 consilio,illum
490 3169 531 3212 eo
545 3168 656 3230 usque
668 3169 745 3212 curn
763 3150 919 3212 exercitu
930 3150 1163 3228 persequitur,

208 3265 352 3327 sperans
369 3267 408 3311 se
425 3248 507 3311 belli
525 3249 628 3310 citius
645 3247 746 3309 finem
764 3253 1017 3321 assecuturum,
1035 3247 1065 3308 si
1084 3253 1164 3309 ante

209 3346 422 3427 triumphare
446 3353 565 3427 posset
584 3345 627 3408 de
653 3345 865 3425 principibus
889 3344 1060 3406 malorum
1077 3364 1163 3425 prae·

178 3494 180 3497 .
208 3442 388 3507 dictorum.
441 3444 636 3517 Accelerat,
660 3442 836 3505 machinas
860 3450 974 3522 parat,
999 3450 1162 3522 patruum

207 3550 392 3623 utrumque
420 3543 573 3606 obsidet:
597 3542 695 3604 locus
721 3549 796 3603 erat
820 3541 1093 3602 munitissimus:
1119 3541 1161 3602 ad

208 3643 503 3719 expugnationem
524 3640 635 3703 indies
658 3639 805 3701 laborat.
853 3638 999 3700 Interim
1017 3639 1162 3701 circum-

208 3755 346 3817 quaque
381 3759 443 3818 per
471 3739 637 3819 Angliam
665 3745 853 3817 tempestas
883 3738 984 3798 saevit
1014 3736 1161 3797 bellica:

208 3834 401 3898 Hrot'enses
437 3836 755 3899 Cantwariensibus
794 3844 829 3897 et
861 3833 1163 3895 Lundoniensibus

208 3935 319 3997 caedes
350 3935 502 3996 inferunt
531 3942 566 3996 et
589 3932 768 4004 incendia3
804 3931 1043 3993 Landfrancus
1072 3932 1161 3992 onim

206 4033 500 4113 archiepiscopus
519 4040 554 4094 et
571 4050 658 4111 pene
671 4049 789 4093 omnes
805 4031 990 4110 optimates
1007 4029 1162 4109 ejusdem
