3074 4508
508 343 700 390 rnonnurrr
730 341 1013 390 wrooarunusrs.
1173 327 1238 391 133

279 505 318 559 ut
342 516 419 559 eum
448 517 512 560 suo
537 500 668 561 arctius
696 500 841 563 vinciret
867 500 1066 574 ministerio,
1091 500 1238 561 comita-

278 603 351 657 tum
368 598 399 660 ei
415 596 707 660 Heresordensem
725 606 807 661 tunc
823 599 870 662 ibi
888 599 1001 680 posita
1015 616 1078 678 pro
1096 617 1235 677 magnai

278 696 567 759 remunerationis
584 697 732 760 eontulit
750 699 905 778 praemio.
949 696 1037 759 Inde
1049 696 1124 776 jam
1141 697 1233 759 mili·
1247 712 1290 750 she
1299 717 1378 759 roceto

1246 761 1387 809 winchester,

279 800 352 854 tum
376 796 505 857 virtute
524 796 688 857 roborata
705 803 740 858 et
756 816 911 871 numero,
930 795 1233 876 appropinquante
1245 813 1287 898 ,⁸5¹⁶
1301 813 1400 900 ocfprie·

277 889 468 955 festivitate
486 892 606 956 Sancti
625 893 735 968 Petri,
757 913 837 974 quae
859 895 986 957 dicitur
1003 894 1045 955 ad
1065 892 1232 969 Vincula,
1269 871 1325 901 ⁰⁰⁸⁸
1344 873 1364 903 ⁰’

278 989 316 1069 [l
332 989 440 1070 Aug]
462 992 646 1071 ignorante
671 993 776 1055 fratre
800 1011 875 1068 suo,
894 992 1019 1055 comite
1039 991 1231 1055 Bricstow·

275 1090 361 1162 ensi,
376 1088 653 1153 Wintoniensem
677 1091 773 1154 venit
795 1092 839 1154 ad
863 1093 994 1164 urbem,
1016 1090 1076 1153 sed
1099 1107 1177 1152 eam
1209 1110 1232 1154 a

275 1204 313 1248 se
330 1187 406 1269 jam
427 1188 614 1251 alienatam
637 1190 828 1265 inveniens,
848 1191 884 1252 in
909 1188 1053 1253 castello
1075 1190 1230 1270 suscepit

275 1283 475 1367 hospitium.
541 1287 651 1370 Cujus
683 1288 901 1368 inopinatum
929 1287 1117 1349 adventum
1146 1288 1395 1394 civi-{pposito

275 1385 358 1447 tatis
383 1387 536 1468 ejusdem
570 1388 753 1468 episcopus
784 1386 957 1450 Henricus
988 1387 1144 1461 miratus,
1176 1387 1229 1448 in·
1289 1364 1324 1404 ⁰¹²⁶

273 1482 386 1563 deque
405 1485 626 1547 vehementer
646 1488 820 1561 turbatus,
843 1505 906 1567 per
927 1486 1029 1549 aliam
1047 1487 1228 1565 egrediens

273 1590 422 1662 portam,
440 1602 516 1646 sese
541 1592 623 1646 tunc
641 1593 676 1646 et
699 1585 861 1665 deinceps
884 1585 1128 1664 conspectibus
1151 1584 1227 1665 ejus

272 1682 480 1745 absentavit.
535 1681 630 1744 Hinc
648 1683 724 1764 jam
747 1682 927 1745 discordiis
954 1682 988 1743 in
1019 1680 1227 1745 alterutrum
1241 1698 1381 1788 numenque

272 1782 587 1862 prorumpentibus
609 1782 733 1844 civitas
750 1781 915 1862 opulenta
936 1787 970 1843 et
995 1781 1113 1843 multis
1133 1790 1226 1844 retro
1239 1753 1376 1886 ἶξῖἷῖἶῗιὴο

271 1886 352 1941 ante
386 1880 513 1942 seculis
549 1880 712 1961 gloriosa,
749 1888 784 1943 et
813 1881 972 1944 omnibus
1005 1880 1106 1942 terris
1141 1854 1289 1943 nota⁰‘''

270 1985 377 2057 atque
405 1979 551 2051 famosa,
587 1978 766 2058 repentina
802 1979 992 2052 obsidione,
1022 1978 1226 2057 parentibus

271 2093 389 2137 secum
409 2076 452 2139 ad
470 2075 618 2138 invicem
634 2076 961 2156 compugnantibus,
978 2074 1225 2152 circumdatur,

270 2174 374 2235 rebus
407 2181 443 2237 et
473 2175 669 2237 bominibus
700 2175 911 2250 exinanitur,
942 2173 1109 2236 militibus
1145 2193 1224 2255 gre-

269 2273 377 2351 gariis
394 2282 429 2336 et
451 2273 669 2337 conductitiis
688 2273 724 2335 in
749 2273 814 2336 boc
835 2273 1060 2354 spirantibus,
1083 2280 1119 2335 et
1139 2273 1224 2335 suri·

268 2371 382 2433 bunde
406 2371 484 2433 hinc
505 2371 585 2433 inde
605 2369 878 2434 convolentibus.
932 2371 1007 2435 Nec
1027 2370 1092 2433 hoc
1109 2371 1222 2434 solum
1236 2387 1368 2438 rutenio„

267 2468 444 2549 pontificis
472 2469 534 2531 irae
561 2470 676 2550 potuit
700 2468 869 2546 sufficere,
896 2471 980 2550 quin
1006 2469 1149 2549 insuper
1179 2471 1224 2532 ob
1236 2439 1352 2536 ffl'nssrt

269 2577 436 2630 terrorem
466 2567 540 2630 sive
571 2567 748 2630 horrorem
777 2568 847 2630 illis
877 2567 1124 2642 incutiendum,
1157 2568 1223 2630 ini-
1236 2535 1363 2585 ‘'Mt''

267 2665 372 2729 misso
394 2667 476 2747 igne
499 2667 618 2729 urbem
643 2672 753 2728 totam
782 2668 994 2742 comburere,
1019 2665 1137 2728 surore
1164 2686 1223 2730 co·

267 2772 385 2844 gente,
409 2765 572 2827 decrevit.
626 2764 730 2842 Quod
756 2772 792 2828 et
819 2764 912 2828 iecit.
964 2764 1139 2846 Siquidem
1166 2784 1223 2827 se·

265 2863 379 2926 cundo
394 2863 449 2925 die
464 2861 592 2926 mensis
608 2860 762 2943 Augusti
778 2863 869 2944 ignis
884 2863 1018 2926 civitati
1035 2863 1223 2939 immissus,

264 2962 515 3024 monasterium
535 2959 850 3024 sanctimonialium
872 2980 950 3023 cum
966 2961 1038 3023 suis
1055 2960 1221 3036 aedificiis,

265 3060 430 3122 ecclesias
453 3061 531 3140 plus
556 3075 618 3123 xn.
635 3078 714 3122 eum
736 3059 862 3142 majori
885 3078 947 3121 seu
969 3058 1100 3121 meliori
1120 3065 1221 3140 parte

264 3159 431 3234 civitatiS,
453 3165 630 3240 postremo
650 3159 845 3221 coenobium
867 3157 1125 3232 monachorum,
1142 3157 1220 3220 Deo

264 3263 299 3318 et
339 3255 468 3319 Sancto
504 3255 707 3319 Grimbaldo
743 3256 997 3330 famulantium,
1030 3274 1109 3317 cum
1146 3255 1220 3317 suis

264 3354 397 3417 aedibus
424 3356 557 3435 redegit
582 3355 617 3416 in
640 3355 783 3416 cineres,
831 3354 918 3416 Erat
940 3354 974 3416 in
991 3353 1056 3415 hac
1072 3352 1220 3416 eeclesia
1233 3371 1356 3411 amirario.

264 3451 382 3516 Sancti
400 3452 594 3515 Grimbaldi
610 3471 697 3515 crux
709 3471 848 3532 magna,
868 3471 950 3515 crux
968 3459 1101 3526 sancta,
1114 3451 1218 3532 jussu

264 3553 356 3630 regis
374 3551 501 3614 Canuti
522 3552 649 3614 dudum
676 3550 857 3627 fabricata,
874 3559 910 3613 et
933 3551 976 3612 ab
993 3550 1113 3613 eodem
1131 3569 1218 3613 auro

263 3658 298 3710 et
314 3660 472 3728 argento,
495 3651 640 3730 gemmis
663 3657 697 3711 et
720 3649 894 3730 lapidibus
917 3648 1076 3729 pretiosis
1094 3649 1218 3711 decen·

264 3748 395 3809 tissime
419 3748 599 3810 adornata.
654 3746 743 3810 Haec
761 3748 835 3828 jam
860 3747 924 3808 sibi
951 3748 1219 3826 approximante

262 3845 432 3919 incendio,
451 3846 541 3925 quod
565 3846 687 3908 mirum
712 3845 806 3907 dictu
825 3852 890 3918 est,
913 3845 1013 3922 quasi
1037 3843 1218 3905 imminens

262 3945 327 4006 sibi
347 3943 574 4025 praesentiens
598 3943 801 4023 periculum,
824 3941 1036 4003 intuentibus
1059 3942 1119 4021 qui
1136 3941 1218 4003 ade-

263 4052 342 4105 rant
371 4043 548 4116 fratribus,
577 4042 685 4122 coepit
707 4040 844 4115 sudare,
876 4039 1080 4120 nigrescere,
1112 4040 1218 4103 immo
