3074 4508
357 311 423 374 108
604 327 855 374 cou'rruunrm
879 328 1054 375 cuuorucr

356 489 467 554 adsui
481 489 725 564 defensionem,
735 488 764 551 si
779 505 920 550 necesse
934 492 1039 560 esset,
1055 492 1197 566 paratos
1201 485 1307 568 jussit

355 590 488 653 adesse.
541 589 684 651 Interim
708 606 791 667 rege
813 605 892 649 cum
919 584 1092 666 episcopis
1114 603 1238 647 causus
1253 585 1305 647 di·

356 705 476 750 versas
491 694 677 762 tractante,
693 687 784 749 inter
801 695 985 765 utramque
998 683 1147 745 militum
1160 692 1304 764 partem,

354 803 461 848 causa
484 785 725 865 hospitiorum,
744 784 914 846 tumultus
940 781 1066 845 suroris
1086 799 1234 861 magnus
1255 781 1305 843 in·

354 881 517 944 canduit:
541 883 631 945 unde
654 883 760 963 regiis
785 882 953 944 militibus
978 881 1022 943 ad
1046 899 1143 943 arma
1163 899 1305 943 concur·

355 980 523 1053 rentibus,
544 978 663 1058 fugam
685 981 806 1043 ineunt
828 979 1056 1060 episcopales,
1080 979 1305 1059 apparatibus

354 1077 427 1137 suis
444 1077 615 1138 universis
630 1085 711 1156 post
725 1084 825 1156 terga
840 1077 982 1139 relictis
1029 1075 1176 1156 Capitur
1190 1095 1212 1138 a
1223 1096 1303 1158 rege

354 1172 625 1256 Salesbyriensis
641 1174 825 1254 episcopus
844 1173 1007 1254 Rogerus
1029 1192 1106 1236 cum
1131 1174 1304 1237 Lincolni·

354 1274 428 1336 ensi
458 1275 634 1354 episcopo,
661 1280 696 1335 et
725 1272 797 1334 lilio
829 1271 983 1351 Rogero,
1011 1271 1172 1353 Paupere
1198 1291 1304 1335 censu

354 1374 582 1452 cognomine3
606 1371 756 1434 Eliensis
780 1370 932 1452 elapsus,
955 1370 1098 1433 Divisas
1124 1371 1304 1434 castellum

352 1471 451 1547 adiit,
467 1471 626 1546 munivit,
642 1480 766 1534 contra
788 1490 905 1550 regem
928 1470 1052 1534 tenuit.
1105 1468 1207 1533 Unde
1229 1489 1304 1544 rex,

351 1569 405 1630 ira
435 1579 640 1644 commotus,
667 1588 815 1650 eumque
839 1576 1055 1649 prosecutus,
1079 1577 1201 1648 captos
1230 1569 1302 1649 epi·

351 1685 489 1745 scopoS,
515 1686 617 1727 unum
647 1667 839 1745 Rogerum,
861 1667 1005 1740 scilicet,
1028 1668 1063 1727 in
1090 1668 1242 1728 bostario
1267 1667 1304 1729 iu

349 1763 455 1825 boum
479 1764 672 1844 praesaepiO,
695 1763 844 1824 alterum
866 1764 931 1824 sub
953 1763 1015 1824 vili
1042 1764 1182 1844 tugurio
1204 1765 1303 1845 ponit

349 1862 414 1922 sub
445 1861 616 1936 custodia,
643 1861 745 1923 tertio
774 1860 1011 1941 suspensionis
1040 1870 1144 1942 parat
1170 1863 1301 1943 suppli-

350 1959 454 2035 cium,
484 1960 611 2022 nisibi
642 1960 744 2022 citius
773 1959 939 2022 reddatur
963 1960 1158 2023 castellum.
1220 1961 1301 2025 Hoc

349 2057 471 2120 videns
490 2057 663 2138 RogernS,
681 2076 745 2120 suo
767 2066 925 2121 metuens
948 2057 1032 2133 filio,
1045 2057 1245 2139 juramento
1262 2079 1301 2123 se

349 2156 508 2232 strinxit,
533 2175 709 2236 uunquam
734 2173 773 2217 se
798 2154 1087 2217 manducaturum
1113 2157 1187 2218 sive
1216 2157 1302 2219 bibi-

351 2259 481 2328 turum,
507 2253 615 2315 donec
642 2251 846 2334 praedictum
869 2271 932 2315 rex
956 2252 1083 2316 habeat
1108 2253 1300 2317 castellum.

351 2348 455 2426 Quod
487 2359 523 2415 et
551 2350 682 2414 sactum
706 2358 783 2423 est;
817 2351 930 2413 tribus
962 2352 1054 2413 enim
1081 2351 1203 2414 diebus
1230 2372 1300 2417 non

347 2450 574 2513 manducavit
599 2469 712 2530 neque
740 2449 839 2536 bibit.
892 2448 973 2512 Rex
996 2449 1076 2512 inde
1102 2469 1180 2525 cum
1204 2452 1300 2531 regia

183 2561 296 2650 gggpuou
306 2562 331 2601 or
346 2548 569 2612 multitudine
584 2546 802 2610 Lundoniam
817 2547 867 2610 ire
881 2549 1046 2629 perrexit.
1092 2547 1300 2612 Gausfridus

182 2622 281 2700 mort„
348 2654 466 2708 autem
484 2647 529 2709 de
544 2646 706 2722 Telebot,
723 2665 841 2726 regem
860 2647 956 2728 pacis
972 2647 1121 2708 amicum
1138 2646 1299 2710 deserens

348 2763 428 2807 cum
445 2746 532 2820 suis,
543 2742 586 2806 ad
597 2743 879 2806 Glaocestrensis
889 2744 1025 2806 comitis
1037 2743 1170 2820 filium,¹
1192 2746 1299 2827 Bryc-

348 2849 524 2906 stowense
536 2842 719 2905 castellum
728 2849 850 2904 contra
861 2861 978 2923 regem
987 2849 1175 2919 tenentem,
1186 2843 1298 2906 diver-

182 2951 327 3042 &gart-he
348 2941 403 3015 tit,
418 2941 581 3021 illiusque
597 2940 777 3002 munimini
789 2959 826 3002 se
837 2938 944 3003 dedit.
984 2939 1056 3017 Qui
1070 2960 1140 3004 uno
1156 2941 1300 3018 dierum,

181 3051 216 3138 ¹33>-
226 3052 250 3090 or
260 3013 335 3092 ἔειπε
347 3039 445 3102 velut
473 3039 613 3102 cuilibet
642 3038 812 3118 spatiatui
839 3057 981 3119 operam
1007 3039 1164 3115 daturus,
1188 3041 1299 3120 magis

205 3111 239 3139 ω’
347 3144 478 3212 autem,
496 3148 536 3199 ut
558 3143 638 3216 post
659 3135 797 3211 claruit,
821 3136 1032 3199 Bathoniam
1056 3137 1300 3218 exploraturus

346 3241 382 3297 et
407 3234 628 3315 postmodnm
658 3234 857 3310 invasurus,
885 3253 964 3298 cum
989 3234 1124 3297 duobus
1150 3238 1299 3299 strenuis

346 3333 526 3407 militibus,
543 3331 721 3396 Willelmo
752 3331 868 3395 Hoset
894 3331 1020 3396 etalio
1050 3333 1212 3413 quodam,
1233 3335 1301 3396 iter

344 3431 405 3492 illo
423 3431 565 3492 direxit.
620 3429 700 3506 Quo
722 3433 876 3510 cognito,
893 3431 1146 3494 Bathoniensis
1172 3431 1300 3512 episco-

344 3547 410 3608 pus
444 3527 650 3602 Rotbertus,
677 3528 778 3608 qnasi
810 3528 852 3590 de
880 3529 972 3609 regis
1000 3528 1210 3591 adversariis
1237 3530 1298 3592 tri-

379 3757 385 3786 ¹
407 3761 810 3824 Glooccstreust'scomitisfilium]
835 3760 904 3808 Alan
917 3761 1037 3821 Fergant,
1050 3769 1127 3811 corint
1139 3763 1168 3811 of
1183 3763 1299 3825 Brittany

341 3832 404 3879 This
416 3832 561 3879 individual
572 3837 640 3879 must
655 3837 699 3878 not
710 3832 741 3878 be
753 3845 812 3878 cou·
835 3830 886 3878 and
904 3830 1054 3880 llichmond.
1091 3832 1153 3880 Sax.
1171 3832 1263 3882 Chron.
1275 3848 1299 3881 a.

341 3901 454 3949 founded
470 3902 534 3949 with
551 3902 629 3948 Briau
647 3898 811 3960 Fitz-Oount,
837 3903 910 3949 112⁷.
955 3899 1036 3948 Gesta
1062 3901 1195 3962 Stephani,
1214 3917 1238 3962 p.
1258 3906 1298 3950 ⁶8.

340 3971 382 4017 the
390 3971 500 4018 staunch
508 3971 629 4018 adherent
635 3969 663 4018 oi
673 3969 812 4030 blathildn,
836 3969 876 4017 W.
890 3969 980 4016 blalm.
990 3984 1016 4028 p.
1025 3973 1083 4028 743,
1091 3970 1148 4016 who
1160 3970 1238 4028 styles
1247 3969 1299 4017 lrim
1373 3983 1387 4007 a

339 4039 395 4085 lord
414 4039 442 4086 of
457 4039 635 4099 wallingford,
652 4039 704 4086 and
723 4053 768 4086 son
786 4039 815 4087 oi
836 4037 948 4085 marchio
960 4037 991 4084 de
1005 4038 1188 4098 Walingelord.
