3074 4508
353 343 396 405 20
740 358 952 405 cnnourcon

357 515 486 579 niensis
510 516 643 592 Almus,
671 525 706 580 et
730 517 836 580 abbas
864 513 1084 579 Persorensis
1109 513 1333 612 Turstanus·

192 627 286 667 W¹1¹¹⁸m
357 615 589 679 decesserunt.
641 614 734 679 Ante
750 613 1032 696 Assumptionem
1047 612 1083 676 S.
1101 612 1225 675 Mariae
1247 612 1307 692 [15

192 677 285 771 hhffl‘eh
359 712 481 795 Aug.]‚
497 733 560 777 rex
574 712 773 776 Willelmus
795 714 830 774 in
855 713 1039 776 Franciam
1057 731 1132 775 cum
1152 711 1307 772 exercitu

192 779 289 872 hother
359 813 466 884 venit,
482 820 517 875 et
534 812 699 893 oppidum
720 811 811 891 quod
837 811 1060 874 Mathantum
1075 816 1308 888 nuncupatur,

360 917 395 973 et
410 930 528 973 omnes
544 910 709 974 ecclesias
734 911 768 971 in
791 929 832 973 eo
855 911 954 984 sitas,
973 909 1128 988 duosque
1144 906 1308 981 reclusos,

360 1009 439 1087 igne
464 1007 655 1081 succendit,
678 1008 826 1088 indeque
849 1009 885 1070 in
912 1007 1164 1070 Normanniam
1187 1004 1306 1067 rediit:

194 1119 313 1163 omnm
360 1103 420 1167 sed
450 1105 484 1165 in
514 1105 590 1185 ipso
624 1104 735 1166 reditu
765 1105 859 1166 dirus
888 1106 1059 1168 viscerum
1085 1105 1181 1167 dolor
1210 1102 1307 1164 illum

362 1201 600 1284 apprehendit,
626 1210 662 1265 et
686 1202 797 1284 magis
821 1221 862 1266 ac
886 1204 998 1281 magis
1025 1203 1067 1264 de
1089 1202 1143 1264 die
1160 1202 1195 1263 in
1218 1201 1307 1262 diem

195 1321 287 1359 reum·
362 1304 543 1384 gravabat.
597 1300 684 1364 Cum
701 1310 814 1365 autern
832 1302 1091 1382 ingravescente
1106 1299 1310 1380 aegritudine

197 1369 314 1465 mpu-
362 1402 451 1463 diem
463 1401 583 1463 mortis
595 1401 661 1462 sibi
669 1401 845 1464 imminere
854 1402 1029 1474 sensisset,
1043 1400 1181 1462 fratrem
1196 1416 1309 1472 suum,

364 1500 520 1563 Odonem
538 1497 763 1561 Baiocensem
780 1501 990 1581 episcopum,
1007 1500 1149 1561 comites
1168 1495 1312 1559 Morka-

361 1616 438 1659 rum
461 1605 496 1658 et
514 1598 705 1676 Rogerum,
730 1598 935 1674 Siwardum,
953 1605 1178 1677 cognomento
1202 1596 1310 1669 Barn,

363 1704 398 1757 et
413 1695 619 1760 Wlnothum
642 1698 733 1776 regis
759 1696 908 1758 Haroldi
933 1714 1145 1775 germanum,
1168 1712 1269 1774 quem
1291 1710 1313 1754 a

364 1794 514 1872 pueritia
531 1799 692 1854 tenuerat
710 1795 745 1854 in
762 1793 931 1868 custodia,
955 1801 990 1855 et
1008 1811 1127 1855 omnes
1145 1811 1231 1872 quos
1253 1791 1310 1854 vel

364 1889 399 1951 in
423 1888 553 1970 Anglia
572 1889 627 1952 vel
650 1891 686 1952 in
710 1890 926 1954 Normannia
948 1891 1115 1954 custodiae
1137 1890 1313 1971 mancipa-

200 2009 330 2059 aupomor
365 1996 434 2064 rat,
461 1989 607 2052 laxavit.
659 1989 751 2053 Dein
779 1990 939 2054 filiosuo
964 1990 1140 2053 Willelmo
1168 2008 1311 2070 regnum

200 2061 318 2099 'mmm’
366 2087 506 2150 tradidit
537 2087 687 2170 Angliae,
718 2096 753 2151 et
785 2089 969 2164 Rotberto,
991 2088 1063 2151 tilio
1094 2107 1157 2150 suo
1186 2087 1314 2168 primo·

365 2187 496 2264 genito,
512 2187 571 2265 qui
591 2195 676 2250 tunc
696 2186 863 2248 exulabat
877 2188 913 2248 in
936 2186 1096 2261 Francia,
1112 2186 1315 2247 comitatum

201 2303 316 2343 aaaron
366 2283 534 2345 concessit
564 2284 809 2348 Normauniae:
842 2291 878 2347 et
905 2285 974 2360 sic,
998 2283 1132 2347 coelesti
1160 2283 1315 2346 munitus

201 2351 328 2392 'mm‘
366 2381 504 2457 viatico,
538 2391 724 2464 postquam
753 2398 820 2445 xx.
853 2384 964 2458 annis,
992 2383 1165 2445 mensibus
1198 2397 1251 2456 x.,
1280 2388 1316 2444 et

367 2495 505 2545 xxv111.
532 2479 666 2557 diebus
687 2481 783 2563 genti
808 2479 1003 2562 Anglorum
1028 2480 1176 2562 praefuit,
1194 2480 1314 2542 iduum

366 2576 542 2658 Septemb.
558 2579 613 2643 dia
630 2587 680 2643 νο.
699 2579 736 2660 [9
753 2577 879 2660 Sept.]‚
895 2598 1040 2659 regnum
1055 2598 1133 2641 cum
1149 2579 1223 2642 vita
1237 2597 1315 2658 per·

366 2676 464 2753 didit,
488 2686 523 2739 et
543 2678 700 2753 Cadomi,
722 2676 758 2740 iu
782 2677 930 2740 ecclesia
953 2677 990 2739 S.
1005 2677 1172 2758 Stephani
1187 2676 1315 2739 Proto·

367 2775 542 2857 martyris,
560 2797 664 2859 quam
682 2777 756 2857 ipse
778 2794 805 2846 a¹
817 2775 1050 2838 fundamentis
1073 2781 1316 2838 construxerat

205 2892 322 2932 innon
367 2873 536 2955 bonisque
551 2874 917 2955 ditaveratsepultus
935 2874 1129 2955 requiescit.
1180 2872 1318 2936 Willel-

206 2943 304 2990 England
313 2941 355 2980 and

204 2990 444 3080 ffiffiofinmns
473 2981 589 3035 autem
615 2974 706 3035 filius
733 2973 808 3054 ejus
833 2972 1000 3052 Angliam
1026 2973 1189 3035 festinato
1219 2971 1316 3046 adiit,

367 3071 496 3132 ducens
511 3090 629 3134 secum
642 3070 849 3134 Wlnothum
865 3076 900 3134 et
915 3070 1141 3148 Morkarum;
1159 3070 1220 3132 sed
1235 3088 1323 3133 mox.

368 3175 408 3231 ut
422 3168 637 3232 Wintouiam
661 3171 767 3244 venit,
788 3169 879 3245 illos,
903 3177 943 3232 ut
966 3171 1061 3250 prius
1085 3168 1234 3242 fuerant,
1257 3186 1318 3230 cu.-

367 3267 491 3330 stodiae
507 3268 730 3348 mancipavit,
743 3275 778 3330 et
792 3284 839 3331 vr.
855 3266 926 3330 kal.
941 3267 1101 3331 Octobris
1118 3267 1176 3345 [26
1192 3265 1318 3346 Sept.]‚

368 3365 422 3427 die
438 3365 633 3442 Dominico,
649 3367 685 3429 in
700 3366 1024 3441 Westmonasterio,
1040 3384 1062 3427 a
1087 3363 1316 3438 Landfranco‚

368 3557 579 3620 hewaswilling
595 3564 621 3607 to
637 3564 761 3608 commuta
780 3561 832 3608 into
857 3560 967 3621 through
996 3574 1043 3608 one
1070 3560 1099 3608 of
1124 3558 1166 3608 the
1188 3559 1322 3609 windows.

370 3641 386 3674 a
396 3634 515 3687 payment
526 3627 555 3674 of
563 3628 639 3677 tithes
650 3633 675 3676 to
684 3629 726 3676 the
737 3629 832 3690 ciergy.
859 3629 929 3676 With
945 3628 998 3676 him
1012 3629 1056 3677 fell
1072 3629 1112 3676 his
1129 3629 1229 3677 brother
1240 3628 1322 3677 Bene·

370 3695 476 3756 Fleeing
491 3696 555 3743 from
572 3696 614 3744 the
632 3697 791 3758 indignation
807 3698 836 3745 ot*
858 3698 912 3745 dict
941 3699 992 3745 and
1023 3702 1157 3745 serenteen
1185 3698 1320 3746 followers.

369 3764 410 3813 his
429 3765 527 3825 peopie,
542 3779 569 3812 so
583 3767 666 3826 justly
682 3766 782 3814 excited
799 3767 832 3825 by
858 3766 1323 3828 Cnutwascanonized‚andressarded

370 3833 440 3882 these
457 3835 627 3894 oppressione,
638 3834 670 3882 he
687 3835 738 3882 had
755 3835 832 3882 taken
858 3849 887 3882 as
898 3836 941 3883 the
953 3841 1119 3896 protomartyr
1133 3837 1162 3884 of
1179 3835 1320 3883 Denmark.

369 3903 458 3963 refuge
470 3905 496 3950 in
507 3902 549 3950 the
560 3903 655 3951 church
666 3904 695 3952 of
702 3904 739 3951 St.
747 3904 831 3952 Alban
859 3904 909 3952 His
921 3904 998 3952 death
1009 3905 1068 3952 took
1078 3906 1151 3965 place
1159 3916 1194 3951 vr.
1202 3904 1238 3952 id.
1245 3904 1264 3952 J
1266 3904 1322 3965 ulii,

371 3976 397 4018 at
405 3971 517 4032 Odeum,
525 3971 611 4020 where
621 3972 653 4025 he
665 3973 781 4021 received
792 3973 832 4021 his
857 3973 899 4022 die
906 3974 1022 4034 Veneris,
1034 3978 1139 4023 a.1086.
1176 3972 1322 4020 Dahlmann

370 4039 562 4100 death-wound,
580 4041 658 4090 while
686 4042 832 4101 embracing
856 4047 886 4089 ut
903 4058 963 4102 sup.
975 4058 1001 4102 p.
1013 4046 1059 4090 201
1072 4057 1146 4104 seqq„
1165 4040 1215 4088 and
1234 4041 1323 4103 Suhm,

370 4107 413 4154 the
421 4109 495 4169 altar,
502 4109 565 4156 from
573 4123 589 4155 a
596 4110 694 4169 jevelin
703 4112 832 4170 projected
858 4111 908 4158 Bd.
920 4124 953 4160 ιν.
967 4127 993 4170 p.
1003 4114 1060 4158 703.
