<?xml version="1.0" encoding="UTF-8"?>
<!DOCTYPE html PUBLIC "-//W3C//DTD XHTML 1.0 Transitional//EN"
    "http://www.w3.org/TR/xhtml1/DTD/xhtml1-transitional.dtd">
<html xmlns="http://www.w3.org/1999/xhtml" xml:lang="en" lang="en">
 <head>
  <title>
</title>
<meta http-equiv="Content-Type" content="text/html;charset=utf-8" />
  <meta name='ocr-system' content='tesseract 3.04.00' />
  <meta name='ocr-capabilities' content='ocr_page ocr_carea ocr_par ocr_line ocrx_word'/>
</head>
<body>
  <div class='ocr_page' id='page_1' title='image "./florentiiwigorn01florgoog_0302.png"; bbox 0 0 3074 4508; ppageno 0'>
   <div class='ocr_carea' id='block_1_1' title="bbox 455 369 1176 431">
    <p class='ocr_par' dir='ltr' id='par_1_1' title="bbox 455 369 1176 431">
     <span class='ocr_line' id='line_1_1' title="bbox 455 369 1176 431; baseline 0.01 -7"><span class='ocrx_word' id='word_1_1' title='bbox 455 379 647 426; x_wconf 80' lang='lat' dir='ltr'>rnonuurn</span> <span class='ocrx_word' id='word_1_2' title='bbox 677 381 953 429; x_wconf 80' lang='lat' dir='ltr'>wrconuruusrs.</span> <span class='ocrx_word' id='word_1_3' title='bbox 1111 369 1176 431; x_wconf 77' lang='lat'>277</span> 
     </span>
    </p>
   </div>
   <div class='ocr_carea' id='block_1_2' title="bbox 212 533 1266 3448">
    <p class='ocr_par' dir='ltr' id='par_1_2' title="bbox 212 533 1266 3448">
     <span class='ocr_line' id='line_1_2' title="bbox 229 533 1173 615; baseline 0.007 -22"><span class='ocrx_word' id='word_1_4' title='bbox 229 533 377 615; x_wconf 86' lang='lat' dir='ltr'>ditisque</span> <span class='ocrx_word' id='word_1_5' title='bbox 419 537 608 600; x_wconf 90' lang='lat' dir='ltr'>rationibus</span> <span class='ocrx_word' id='word_1_6' title='bbox 645 545 679 600; x_wconf 86' lang='lat' dir='ltr'>et</span> <span class='ocrx_word' id='word_1_7' title='bbox 716 537 868 600; x_wconf 84' lang='lat' dir='ltr'><strong>articulis</strong></span> <span class='ocrx_word' id='word_1_8' title='bbox 907 558 926 600; x_wconf 91' lang='lat' dir='ltr'>a</span> <span class='ocrx_word' id='word_1_9' title='bbox 964 539 1065 602; x_wconf 91' lang='lat' dir='ltr'>dictis</span> <span class='ocrx_word' id='word_1_10' title='bbox 1098 559 1173 601; x_wconf 90' lang='lat' dir='ltr'>car-</span> 
     </span>
     <span class='ocr_line' id='line_1_3' title="bbox 227 631 1174 720; baseline 0.008 -28"><span class='ocrx_word' id='word_1_11' title='bbox 227 631 396 696; x_wconf 84' lang='lat' dir='ltr'>dinalibus</span> <span class='ocrx_word' id='word_1_12' title='bbox 414 637 448 696; x_wconf 90' lang='lat' dir='ltr'>in</span> <span class='ocrx_word' id='word_1_13' title='bbox 466 635 575 698; x_wconf 90' lang='lat' dir='ltr'>medio</span> <span class='ocrx_word' id='word_1_14' title='bbox 592 638 786 718; x_wconf 87' lang='lat' dir='ltr'>propositis,</span> <span class='ocrx_word' id='word_1_15' title='bbox 802 637 959 700; x_wconf 90' lang='lat' dir='ltr'>dominus</span> <span class='ocrx_word' id='word_1_16' title='bbox 974 658 1049 713; x_wconf 90' lang='lat' dir='ltr'>rex,</span> <span class='ocrx_word' id='word_1_17' title='bbox 1068 657 1174 720; x_wconf 91' lang='lat' dir='ltr'>super</span> 
     </span>
     <span class='ocr_line' id='line_1_4' title="bbox 229 734 1171 818; baseline 0.01 -27"><span class='ocrx_word' id='word_1_18' title='bbox 229 734 412 809; x_wconf 72' lang='lat' dir='ltr'><strong>praemissis</strong></span> <span class='ocrx_word' id='word_1_19' title='bbox 430 734 548 797; x_wconf 88' lang='lat' dir='ltr'>volens</span> <span class='ocrx_word' id='word_1_20' title='bbox 567 736 744 798; x_wconf 90' lang='lat' dir='ltr'>consulere</span> <span class='ocrx_word' id='word_1_21' title='bbox 761 743 794 799; x_wconf 88' lang='lat' dir='ltr'>et</span> <span class='ocrx_word' id='word_1_22' title='bbox 812 736 1011 813; x_wconf 88' lang='lat' dir='ltr'>deliberare,</span> <span class='ocrx_word' id='word_1_23' title='bbox 1028 756 1171 818; x_wconf 90' lang='lat' dir='ltr'>respon·</span> 
     </span>
     <span class='ocr_line' id='line_1_5' title="bbox 228 831 1169 914; baseline 0.009 -24"><span class='ocrx_word' id='word_1_24' title='bbox 228 831 357 893; x_wconf 88' lang='lat' dir='ltr'>sionem</span> <span class='ocrx_word' id='word_1_25' title='bbox 385 850 483 894; x_wconf 91' lang='lat' dir='ltr'>suam</span> <span class='ocrx_word' id='word_1_26' title='bbox 516 852 626 914; x_wconf 88' lang='lat' dir='ltr'>usque</span> <span class='ocrx_word' id='word_1_27' title='bbox 660 835 694 896; x_wconf 94' lang='lat' dir='ltr'>in</span> <span class='ocrx_word' id='word_1_28' title='bbox 729 836 863 897; x_wconf 90' lang='lat' dir='ltr'>tertium</span> <span class='ocrx_word' id='word_1_29' title='bbox 896 836 985 897; x_wconf 90' lang='lat' dir='ltr'>diem</span> <span class='ocrx_word' id='word_1_30' title='bbox 1015 836 1169 914; x_wconf 85' lang='lat' dir='ltr'>distulit3</span> 
     </span>
     <span class='ocr_line' id='line_1_6' title="bbox 226 926 1171 1015; baseline 0.01 -28"><span class='ocrx_word' id='word_1_31' title='bbox 226 926 411 1010; x_wconf 90' lang='lat' dir='ltr'>habitaque</span> <span class='ocrx_word' id='word_1_32' title='bbox 424 930 667 996; x_wconf 82' lang='lat' dir='ltr'>deliberatione</span> <span class='ocrx_word' id='word_1_33' title='bbox 679 939 713 996; x_wconf 93' lang='lat' dir='ltr'>et</span> <span class='ocrx_word' id='word_1_34' title='bbox 728 933 866 996; x_wconf 91' lang='lat' dir='ltr'>consilio</span> <span class='ocrx_word' id='word_1_35' title='bbox 878 953 954 996; x_wconf 91' lang='lat' dir='ltr'>cum</span> <span class='ocrx_word' id='word_1_36' title='bbox 972 934 1171 1015; x_wconf 83' lang='lat' dir='ltr'>proceribus</span> 
     </span>
     <span class='ocr_line' id='line_1_7' title="bbox 226 1029 1169 1112; baseline 0.006 -25"><span class='ocrx_word' id='word_1_37' title='bbox 226 1033 260 1087; x_wconf 86' lang='lat' dir='ltr'>et</span> <span class='ocrx_word' id='word_1_38' title='bbox 307 1029 527 1091; x_wconf 89' lang='lat' dir='ltr'>ecclesiarum</span> <span class='ocrx_word' id='word_1_39' title='bbox 570 1031 732 1112; x_wconf 88' lang='lat' dir='ltr'>praelatis,</span> <span class='ocrx_word' id='word_1_40' title='bbox 780 1031 834 1094; x_wconf 94' lang='lat' dir='ltr'>die</span> <span class='ocrx_word' id='word_1_41' title='bbox 880 1038 1026 1106; x_wconf 90' lang='lat' dir='ltr'>statuto,</span> <span class='ocrx_word' id='word_1_42' title='bbox 1068 1031 1169 1095; x_wconf 92' lang='lat' dir='ltr'>dictis</span> 
     </span>
     <span class='ocr_line' id='line_1_8' title="bbox 226 1125 1169 1210; baseline 0.007 -25"><span class='ocrx_word' id='word_1_43' title='bbox 226 1125 456 1190; x_wconf 85' lang='lat' dir='ltr'>cardinalibus</span> <span class='ocrx_word' id='word_1_44' title='bbox 487 1136 521 1190; x_wconf 92' lang='lat' dir='ltr'>et</span> <span class='ocrx_word' id='word_1_45' title='bbox 550 1130 746 1210; x_wconf 89' lang='lat' dir='ltr'>proceribus</span> <span class='ocrx_word' id='word_1_46' title='bbox 777 1129 819 1190; x_wconf 91' lang='lat' dir='ltr'>ad</span> <span class='ocrx_word' id='word_1_47' title='bbox 850 1129 1102 1210; x_wconf 89' lang='lat' dir='ltr'>parlamentum</span> <span class='ocrx_word' id='word_1_48' title='bbox 1134 1132 1169 1192; x_wconf 93' lang='lat' dir='ltr'>in</span> 
     </span>
     <span class='ocr_line' id='line_1_9' title="bbox 225 1227 1170 1308; baseline 0.008 -25"><span class='ocrx_word' id='word_1_49' title='bbox 225 1242 329 1285; x_wconf 91' lang='lat' dir='ltr'>uuum</span> <span class='ocrx_word' id='word_1_50' title='bbox 367 1227 660 1303; x_wconf 64' lang='lat' dir='ltr'>convenientibus</span> <span class='ocrx_word' id='word_1_51' title='bbox 698 1227 869 1308; x_wconf 86' lang='lat' dir='ltr'>respondit</span> <span class='ocrx_word' id='word_1_52' title='bbox 908 1227 1065 1290; x_wconf 91' lang='lat' dir='ltr'>dominus</span> <span class='ocrx_word' id='word_1_53' title='bbox 1107 1248 1170 1291; x_wconf 85' lang='lat' dir='ltr'>rex</span> 
     </span>
     <span class='ocr_line' id='line_1_10' title="bbox 226 1325 1170 1406; baseline 0.005 -22"><span class='ocrx_word' id='word_1_54' title='bbox 226 1341 288 1400; x_wconf 93' lang='lat' dir='ltr'>pro</span> <span class='ocrx_word' id='word_1_55' title='bbox 304 1342 340 1386; x_wconf 88' lang='lat' dir='ltr'>se</span> <span class='ocrx_word' id='word_1_56' title='bbox 362 1333 395 1387; x_wconf 92' lang='lat' dir='ltr'>et</span> <span class='ocrx_word' id='word_1_57' title='bbox 411 1345 472 1406; x_wconf 89' lang='lat' dir='ltr'>pro</span> <span class='ocrx_word' id='word_1_58' title='bbox 489 1345 595 1405; x_wconf 82' lang='lat' dir='ltr'>regno</span> <span class='ocrx_word' id='word_1_59' title='bbox 615 1345 699 1389; x_wconf 93' lang='lat' dir='ltr'>suo:</span> <span class='ocrx_word' id='word_1_60' title='bbox 730 1325 782 1390; x_wconf 93' lang='lat' dir='ltr'>Ob</span> <span class='ocrx_word' id='word_1_61' title='bbox 798 1328 1024 1390; x_wconf 90' lang='lat' dir='ltr'>reverentiam</span> <span class='ocrx_word' id='word_1_62' title='bbox 1041 1326 1170 1389; x_wconf 92' lang='lat' dir='ltr'>domini</span> 
     </span>
     <span class='ocr_line' id='line_1_11' title="bbox 225 1424 1169 1506; baseline 0.008 -25"><span class='ocrx_word' id='word_1_63' title='bbox 225 1439 334 1501; x_wconf 67' lang='lat' dir='ltr'>papa),</span> <span class='ocrx_word' id='word_1_64' title='bbox 361 1424 459 1486; x_wconf 89' lang='lat' dir='ltr'>salvo</span> <span class='ocrx_word' id='word_1_65' title='bbox 478 1425 558 1506; x_wconf 88' lang='lat' dir='ltr'>jure</span> <span class='ocrx_word' id='word_1_66' title='bbox 579 1443 642 1487; x_wconf 90' lang='lat' dir='ltr'>suo</span> <span class='ocrx_word' id='word_1_67' title='bbox 668 1432 703 1487; x_wconf 88' lang='lat' dir='ltr'>et</span> <span class='ocrx_word' id='word_1_68' title='bbox 727 1426 821 1504; x_wconf 81' lang='lat' dir='ltr'>regni</span> <span class='ocrx_word' id='word_1_69' title='bbox 848 1426 914 1500; x_wconf 91' lang='lat' dir='ltr'>sui,</span> <span class='ocrx_word' id='word_1_70' title='bbox 938 1427 1027 1488; x_wconf 92' lang='lat' dir='ltr'>bono</span> <span class='ocrx_word' id='word_1_71' title='bbox 1054 1426 1169 1489; x_wconf 91' lang='lat' dir='ltr'>auimo</span> 
     </span>
     <span class='ocr_line' id='line_1_12' title="bbox 225 1522 1168 1603; baseline 0.005 -23"><span class='ocrx_word' id='word_1_72' title='bbox 225 1538 357 1597; x_wconf 76' lang='lat' dir='ltr'>guerrae</span> <span class='ocrx_word' id='word_1_73' title='bbox 382 1541 455 1584; x_wconf 82' lang='lat' dir='ltr'>suae</span> <span class='ocrx_word' id='word_1_74' title='bbox 477 1522 565 1584; x_wconf 87' lang='lat' dir='ltr'>velle</span> <span class='ocrx_word' id='word_1_75' title='bbox 591 1523 801 1595; x_wconf 89' lang='lat' dir='ltr'>renunciare,</span> <span class='ocrx_word' id='word_1_76' title='bbox 828 1529 861 1584; x_wconf 91' lang='lat' dir='ltr'>et</span> <span class='ocrx_word' id='word_1_77' title='bbox 887 1523 1043 1603; x_wconf 89' lang='lat' dir='ltr'>pristinae</span> <span class='ocrx_word' id='word_1_78' title='bbox 1073 1525 1168 1603; x_wconf 88' lang='lat' dir='ltr'>pacis</span> 
     </span>
     <span class='ocr_line' id='line_1_13' title="bbox 226 1620 1168 1698; baseline 0.004 -19"><span class='ocrx_word' id='word_1_79' title='bbox 226 1629 259 1679; x_wconf 87' lang='lat' dir='ltr'>et</span> <span class='ocrx_word' id='word_1_80' title='bbox 290 1621 481 1682; x_wconf 88' lang='lat' dir='ltr'>concordiae</span> <span class='ocrx_word' id='word_1_81' title='bbox 508 1620 639 1683; x_wconf 86' lang='lat' dir='ltr'>t&#39;oedera</span> <span class='ocrx_word' id='word_1_82' title='bbox 665 1620 808 1683; x_wconf 89' lang='lat' dir='ltr'>fideliter</span> <span class='ocrx_word' id='word_1_83' title='bbox 837 1621 1033 1698; x_wconf 87' lang='lat' dir='ltr'>observare,</span> <span class='ocrx_word' id='word_1_84' title='bbox 1061 1621 1168 1683; x_wconf 76' lang='lat' dir='ltr'>saltis</span> 
     </span>
     <span class='ocr_line' id='line_1_14' title="bbox 225 1718 1166 1801; baseline 0.005 -24"><span class='ocrx_word' id='word_1_85' title='bbox 225 1736 359 1780; x_wconf 87' lang='lat' dir='ltr'>coronae</span> <span class='ocrx_word' id='word_1_86' title='bbox 385 1738 458 1781; x_wconf 86' lang='lat' dir='ltr'>suae</span> <span class='ocrx_word' id='word_1_87' title='bbox 486 1719 655 1800; x_wconf 81' lang='lat' dir='ltr'>dignitate</span> <span class='ocrx_word' id='word_1_88' title='bbox 682 1728 716 1782; x_wconf 92' lang='lat' dir='ltr'>et</span> <span class='ocrx_word' id='word_1_89' title='bbox 740 1721 835 1799; x_wconf 81' lang='lat' dir='ltr'>regni</span> <span class='ocrx_word' id='word_1_90' title='bbox 862 1721 915 1781; x_wconf 89' lang='lat' dir='ltr'>sui</span> <span class='ocrx_word' id='word_1_91' title='bbox 941 1720 1032 1801; x_wconf 91' lang='lat' dir='ltr'>jure.</span> <span class='ocrx_word' id='word_1_92' title='bbox 1086 1718 1166 1796; x_wconf 87' lang='lat' dir='ltr'>Quo</span> 
     </span>
     <span class='ocr_line' id='line_1_15' title="bbox 224 1818 1166 1898; baseline 0.002 -22"><span class='ocrx_word' id='word_1_93' title='bbox 224 1826 375 1897; x_wconf 86' lang='lat' dir='ltr'>accepto,</span> <span class='ocrx_word' id='word_1_94' title='bbox 396 1819 479 1880; x_wconf 91' lang='lat' dir='ltr'>dicti</span> <span class='ocrx_word' id='word_1_95' title='bbox 501 1819 691 1880; x_wconf 85' lang='lat' dir='ltr'>cardinales</span> <span class='ocrx_word' id='word_1_96' title='bbox 714 1818 755 1880; x_wconf 97' lang='lat' dir='ltr'>ad</span> <span class='ocrx_word' id='word_1_97' title='bbox 779 1825 894 1898; x_wconf 88' lang='lat' dir='ltr'>partes</span> <span class='ocrx_word' id='word_1_98' title='bbox 917 1819 1166 1880; x_wconf 87' lang='lat' dir='ltr'>transmarinas</span> 
     </span>
     <span class='ocr_line' id='line_1_16' title="bbox 224 1913 1166 1997; baseline 0.002 -23"><span class='ocrx_word' id='word_1_99' title='bbox 224 1913 385 1977; x_wconf 89' lang='lat' dir='ltr'>festinare</span> <span class='ocrx_word' id='word_1_100' title='bbox 427 1916 682 1997; x_wconf 89' lang='lat' dir='ltr'>disposuerunt,</span> <span class='ocrx_word' id='word_1_101' title='bbox 720 1935 822 1996; x_wconf 89' lang='lat' dir='ltr'>super</span> <span class='ocrx_word' id='word_1_102' title='bbox 855 1917 1043 1995; x_wconf 87' lang='lat' dir='ltr'>praemissis</span> <span class='ocrx_word' id='word_1_103' title='bbox 1088 1934 1166 1977; x_wconf 93' lang='lat' dir='ltr'>cum</span> 
     </span>
     <span class='ocr_line' id='line_1_17' title="bbox 222 2013 1167 2092; baseline 0.003 -20"><span class='ocrx_word' id='word_1_104' title='bbox 222 2031 304 2092; x_wconf 79' lang='lat' dir='ltr'>rege</span> <span class='ocrx_word' id='word_1_105' title='bbox 339 2013 495 2075; x_wconf 87' lang='lat' dir='ltr'>Franciae</span> <span class='ocrx_word' id='word_1_106' title='bbox 531 2014 721 2077; x_wconf 84' lang='lat' dir='ltr'>tractaturi.</span> <span class='ocrx_word' id='word_1_107' title='bbox 785 2013 956 2076; x_wconf 88' lang='lat' dir='ltr'>Dominus</span> <span class='ocrx_word' id='word_1_108' title='bbox 994 2013 1167 2075; x_wconf 89' lang='lat' dir='ltr'>Ricardus</span> 
     </span>
     <span class='ocr_line' id='line_1_18' title="bbox 223 2108 1167 2185; baseline 0.004 -15"><span class='ocrx_word' id='word_1_109' title='bbox 223 2110 264 2171; x_wconf 90' lang='lat' dir='ltr'>de</span> <span class='ocrx_word' id='word_1_110' title='bbox 309 2110 462 2174; x_wconf 86' lang='lat' dir='ltr'>London.</span> <span class='ocrx_word' id='word_1_111' title='bbox 502 2112 609 2173; x_wconf 91' lang='lat' dir='ltr'>abbas</span> <span class='ocrx_word' id='word_1_112' title='bbox 656 2108 772 2173; x_wconf 91' lang='lat' dir='ltr'>istius¹</span> <span class='ocrx_word' id='word_1_113' title='bbox 818 2111 896 2185; x_wconf 93' lang='lat' dir='ltr'>loci,</span> <span class='ocrx_word' id='word_1_114' title='bbox 939 2111 973 2172; x_wconf 93' lang='lat' dir='ltr'>in</span> <span class='ocrx_word' id='word_1_115' title='bbox 1016 2110 1167 2174; x_wconf 89' lang='lat' dir='ltr'>crastino</span> 
     </span>
     <span class='ocr_line' id='line_1_19' title="bbox 221 2207 1167 2292; baseline 0.002 -22"><span class='ocrx_word' id='word_1_116' title='bbox 221 2209 478 2292; x_wconf 87' lang='lat' dir='ltr'>Assumptionis</span> <span class='ocrx_word' id='word_1_117' title='bbox 496 2210 537 2272; x_wconf 95' lang='lat' dir='ltr'>B.</span> <span class='ocrx_word' id='word_1_118' title='bbox 552 2209 707 2290; x_wconf 82' lang='lat' dir='ltr'>Virginis</span> <span class='ocrx_word' id='word_1_119' title='bbox 723 2208 780 2291; x_wconf 88' lang='grc'>[16</span> <span class='ocrx_word' id='word_1_120' title='bbox 796 2207 919 2290; x_wconf 81' lang='lat' dir='ltr'>Aug.],</span> <span class='ocrx_word' id='word_1_121' title='bbox 937 2208 1026 2271; x_wconf 88' lang='lat' dir='ltr'>diem</span> <span class='ocrx_word' id='word_1_122' title='bbox 1042 2209 1167 2272; x_wconf 91' lang='lat' dir='ltr'>clausit</span> 
     </span>
     <span class='ocr_line' id='line_1_20' title="bbox 221 2306 1180 2385; baseline 0 -17"><span class='ocrx_word' id='word_1_123' title='bbox 221 2315 436 2385; x_wconf 85' lang='lat' dir='ltr'>extremum3</span> <span class='ocrx_word' id='word_1_124' title='bbox 477 2307 532 2370; x_wconf 90' lang='lat' dir='ltr'>cui</span> <span class='ocrx_word' id='word_1_125' title='bbox 565 2309 731 2370; x_wconf 88' lang='lat' dir='ltr'>successit</span> <span class='ocrx_word' id='word_1_126' title='bbox 771 2308 928 2370; x_wconf 90' lang='lat' dir='ltr'>dominus</span> <span class='ocrx_word' id='word_1_127' title='bbox 969 2306 1180 2370; x_wconf 89' lang='lat' dir='ltr'>Willelmus-</span> 
     </span>
     <span class='ocr_line' id='line_1_21' title="bbox 221 2403 1167 2481; baseline 0 -15"><span class='ocrx_word' id='word_1_128' title='bbox 221 2406 263 2467; x_wconf 89' lang='lat' dir='ltr'>de</span> <span class='ocrx_word' id='word_1_129' title='bbox 295 2406 494 2480; x_wconf 89' lang='lat' dir='ltr'>Wodeford‚</span> <span class='ocrx_word' id='word_1_130' title='bbox 525 2412 606 2468; x_wconf 88' lang='lat' dir='ltr'>tunc</span> <span class='ocrx_word' id='word_1_131' title='bbox 637 2406 781 2468; x_wconf 88' lang='lat' dir='ltr'>sacrista</span> <span class='ocrx_word' id='word_1_132' title='bbox 813 2403 931 2469; x_wconf 81' lang='lat' dir='ltr'>istins¹</span> <span class='ocrx_word' id='word_1_133' title='bbox 964 2404 1043 2468; x_wconf 88' lang='lat' dir='ltr'>loci.</span> <span class='ocrx_word' id='word_1_134' title='bbox 1097 2403 1167 2481; x_wconf 89' lang='lat' dir='ltr'>Qui</span> 
     </span>
     <span class='ocr_line' id='line_1_22' title="bbox 219 2501 1165 2584; baseline 0 -21"><span class='ocrx_word' id='word_1_135' title='bbox 219 2503 275 2564; x_wconf 91' lang='lat' dir='ltr'>die</span> <span class='ocrx_word' id='word_1_136' title='bbox 292 2503 540 2566; x_wconf 88' lang='lat' dir='ltr'>Decollationis</span> <span class='ocrx_word' id='word_1_137' title='bbox 557 2502 591 2565; x_wconf 90' lang='lat' dir='ltr'>S.</span> <span class='ocrx_word' id='word_1_138' title='bbox 610 2501 633 2565; x_wconf 89' lang='lat' dir='ltr'><strong>J</strong></span> <span class='ocrx_word' id='word_1_139' title='bbox 636 2503 778 2565; x_wconf 86' lang='lat' dir='ltr'>ohannis</span> <span class='ocrx_word' id='word_1_140' title='bbox 793 2503 960 2584; x_wconf 88' lang='lat' dir='ltr'>Baptistae</span> <span class='ocrx_word' id='word_1_141' title='bbox 978 2503 1038 2582; x_wconf 78' lang='lat'>[29</span> <span class='ocrx_word' id='word_1_142' title='bbox 1054 2503 1165 2584; x_wconf 84' lang='lat' dir='ltr'>Aug.]</span> 
     </span>
     <span class='ocr_line' id='line_1_23' title="bbox 219 2600 1165 2681; baseline 0 -18"><span class='ocrx_word' id='word_1_143' title='bbox 219 2602 359 2676; x_wconf 69' lang='lat' dir='ltr'>electus</span> <span class='ocrx_word' id='word_1_144' title='bbox 398 2601 648 2681; x_wconf 90' lang='lat' dir='ltr'>possessionem</span> <span class='ocrx_word' id='word_1_145' title='bbox 686 2601 836 2663; x_wconf 87' lang='lat' dir='ltr'>baroniae</span> <span class='ocrx_word' id='word_1_146' title='bbox 875 2600 1026 2663; x_wconf 89' lang='lat' dir='ltr'>obtinuit</span> <span class='ocrx_word' id='word_1_147' title='bbox 1062 2608 1165 2663; x_wconf 86' lang='lat' dir='ltr'>sexto</span> 
     </span>
     <span class='ocr_line' id='line_1_24' title="bbox 219 2697 1165 2774; baseline 0 -14"><span class='ocrx_word' id='word_1_148' title='bbox 219 2697 374 2762; x_wconf 72' lang='lat' dir='ltr'>decimo²</span> <span class='ocrx_word' id='word_1_149' title='bbox 406 2701 461 2762; x_wconf 88' lang='lat' dir='ltr'>die</span> <span class='ocrx_word' id='word_1_150' title='bbox 493 2706 573 2761; x_wconf 88' lang='lat' dir='ltr'>ante</span> <span class='ocrx_word' id='word_1_151' title='bbox 607 2697 733 2761; x_wconf 83' lang='lat' dir='ltr'>festum</span> <span class='ocrx_word' id='word_1_152' title='bbox 764 2698 798 2761; x_wconf 90' lang='lat' dir='ltr'>S.</span> <span class='ocrx_word' id='word_1_153' title='bbox 816 2698 1011 2774; x_wconf 88' lang='lat' dir='ltr'>Michaelis,</span> <span class='ocrx_word' id='word_1_154' title='bbox 1046 2705 1082 2760; x_wconf 90' lang='lat' dir='ltr'>et</span> <span class='ocrx_word' id='word_1_155' title='bbox 1112 2699 1165 2760; x_wconf 90' lang='lat' dir='ltr'>in-</span> 
     </span>
     <span class='ocr_line' id='line_1_25' title="bbox 215 2791 1163 2877; baseline 0.001 -18"><span class='ocrx_word' id='word_1_156' title='bbox 215 2817 357 2877; x_wconf 78' lang='lat' dir='ltr'>gressus</span> <span class='ocrx_word' id='word_1_157' title='bbox 396 2817 479 2860; x_wconf 92' lang='lat' dir='ltr'>suos</span> <span class='ocrx_word' id='word_1_158' title='bbox 523 2791 619 2860; x_wconf 83' lang='lat' dir='ltr'>fecit</span> <span class='ocrx_word' id='word_1_159' title='bbox 647 2798 733 2859; x_wconf 87' lang='lat' dir='ltr'>satis</span> <span class='ocrx_word' id='word_1_160' title='bbox 770 2796 968 2859; x_wconf 90' lang='lat' dir='ltr'>solemniter</span> <span class='ocrx_word' id='word_1_161' title='bbox 1005 2797 1040 2858; x_wconf 89' lang='lat' dir='ltr'>in</span> <span class='ocrx_word' id='word_1_162' title='bbox 1073 2794 1163 2860; x_wconf 83' lang='lat' dir='ltr'>festo</span> 
     </span>
     <span class='ocr_line' id='line_1_26' title="bbox 218 2893 1161 2975; baseline -0.002 -17"><span class='ocrx_word' id='word_1_163' title='bbox 218 2896 381 2958; x_wconf 90' lang='lat' dir='ltr'>Omnium</span> <span class='ocrx_word' id='word_1_164' title='bbox 395 2895 601 2958; x_wconf 86' lang='lat' dir='ltr'>Sanctorum</span> <span class='ocrx_word' id='word_1_165' title='bbox 619 2895 656 2974; x_wconf 94' lang='grc'>[1</span> <span class='ocrx_word' id='word_1_166' title='bbox 675 2894 793 2975; x_wconf 89' lang='lat' dir='ltr'><strong>Nov.].</strong></span> <span class='ocrx_word' id='word_1_167' title='bbox 845 2894 892 2957; x_wconf 88' lang='lat' dir='ltr'>Et</span> <span class='ocrx_word' id='word_1_168' title='bbox 907 2894 988 2975; x_wconf 90' lang='lat' dir='ltr'>quia</span> <span class='ocrx_word' id='word_1_169' title='bbox 1003 2893 1038 2955; x_wconf 93' lang='lat' dir='ltr'>in</span> <span class='ocrx_word' id='word_1_170' title='bbox 1051 2894 1161 2956; x_wconf 93' lang='lat' dir='ltr'>omni·</span> 
     </span>
     <span class='ocr_line' id='line_1_27' title="bbox 216 2991 1160 3075; baseline -0.002 -20"><span class='ocrx_word' id='word_1_171' title='bbox 216 2997 280 3056; x_wconf 90' lang='lat' dir='ltr'>bus</span> <span class='ocrx_word' id='word_1_172' title='bbox 296 2993 438 3075; x_wconf 82' lang='lat' dir='ltr'>agendis</span> <span class='ocrx_word' id='word_1_173' title='bbox 464 2994 535 3056; x_wconf 92' lang='lat' dir='ltr'>suis</span> <span class='ocrx_word' id='word_1_174' title='bbox 561 3011 696 3073; x_wconf 87' lang='lat' dir='ltr'>semper</span> <span class='ocrx_word' id='word_1_175' title='bbox 716 2993 887 3071; x_wconf 86' lang='lat' dir='ltr'>gratiosus</span> <span class='ocrx_word' id='word_1_176' title='bbox 902 2991 978 3066; x_wconf 88' lang='lat' dir='ltr'>fuit,</span> <span class='ocrx_word' id='word_1_177' title='bbox 999 2992 1034 3052; x_wconf 92' lang='lat' dir='ltr'>in</span> <span class='ocrx_word' id='word_1_178' title='bbox 1057 3008 1160 3053; x_wconf 89' lang='lat' dir='ltr'>vaca-</span> 
     </span>
     <span class='ocr_line' id='line_1_28' title="bbox 217 3090 1161 3170; baseline -0.004 -16"><span class='ocrx_word' id='word_1_179' title='bbox 217 3093 309 3154; x_wconf 89' lang='lat' dir='ltr'>tione</span> <span class='ocrx_word' id='word_1_180' title='bbox 342 3092 515 3154; x_wconf 92' lang='lat' dir='ltr'>dominum</span> <span class='ocrx_word' id='word_1_181' title='bbox 543 3109 658 3170; x_wconf 81' lang='lat' dir='ltr'>regem</span> <span class='ocrx_word' id='word_1_182' title='bbox 687 3098 722 3152; x_wconf 91' lang='lat' dir='ltr'>et</span> <span class='ocrx_word' id='word_1_183' title='bbox 749 3097 930 3152; x_wconf 83' lang='lat' dir='ltr'>exactores</span> <span class='ocrx_word' id='word_1_184' title='bbox 961 3108 1042 3151; x_wconf 92' lang='lat' dir='ltr'>suos</span> <span class='ocrx_word' id='word_1_185' title='bbox 1073 3090 1161 3151; x_wconf 88' lang='lat' dir='ltr'>satis</span> 
     </span>
     <span class='ocr_line' id='line_1_29' title="bbox 214 3185 1160 3270; baseline -0.004 -18"><span class='ocrx_word' id='word_1_186' title='bbox 214 3192 386 3270; x_wconf 79' lang='lat' dir='ltr'>gratiosos</span> <span class='ocrx_word' id='word_1_187' title='bbox 405 3190 522 3251; x_wconf 88' lang='lat' dir='ltr'>babuit</span> <span class='ocrx_word' id='word_1_188' title='bbox 539 3199 572 3251; x_wconf 90' lang='lat' dir='ltr'>et</span> <span class='ocrx_word' id='word_1_189' title='bbox 589 3189 755 3252; x_wconf 86' lang='lat' dir='ltr'>curiales:</span> <span class='ocrx_word' id='word_1_190' title='bbox 780 3196 813 3249; x_wconf 90' lang='lat' dir='ltr'>et</span> <span class='ocrx_word' id='word_1_191' title='bbox 831 3194 883 3249; x_wconf 89' lang='lat' dir='ltr'>est</span> <span class='ocrx_word' id='word_1_192' title='bbox 901 3185 1160 3249; x_wconf 90' lang='lat' dir='ltr'>memorandum</span> 
     </span>
     <span class='ocr_line' id='line_1_30' title="bbox 213 3284 1160 3368; baseline -0.003 -17"><span class='ocrx_word' id='word_1_193' title='bbox 213 3289 304 3368; x_wconf 89' lang='lat' dir='ltr'>quod</span> <span class='ocrx_word' id='word_1_194' title='bbox 337 3290 379 3351; x_wconf 92' lang='lat' dir='ltr'>ad</span> <span class='ocrx_word' id='word_1_195' title='bbox 421 3289 511 3350; x_wconf 88' lang='lat' dir='ltr'>bona</span> <span class='ocrx_word' id='word_1_196' title='bbox 551 3286 869 3349; x_wconf 87' lang='lat' dir='ltr'>obedientiariorum</span> <span class='ocrx_word' id='word_1_197' title='bbox 905 3286 938 3346; x_wconf 95' lang='lat' dir='ltr'>in</span> <span class='ocrx_word' id='word_1_198' title='bbox 978 3284 1160 3348; x_wconf 84' lang='lat' dir='ltr'>vacatione</span> 
     </span>
     <span class='ocr_line' id='line_1_31' title="bbox 212 3381 1266 3448; baseline -0.003 0"><span class='ocrx_word' id='word_1_199' title='bbox 212 3406 350 3448; x_wconf 90' lang='lat' dir='ltr'>manum</span> <span class='ocrx_word' id='word_1_200' title='bbox 383 3404 480 3447; x_wconf 86' lang='lat' dir='ltr'>suam</span> <span class='ocrx_word' id='word_1_201' title='bbox 514 3404 582 3446; x_wconf 90' lang='lat' dir='ltr'>non</span> <span class='ocrx_word' id='word_1_202' title='bbox 616 3384 849 3446; x_wconf 86' lang='lat' dir='ltr'>extenderunt.</span> <span class='ocrx_word' id='word_1_203' title='bbox 914 3381 1001 3445; x_wconf 91' lang='lat' dir='ltr'>Post</span> <span class='ocrx_word' id='word_1_204' title='bbox 1034 3382 1158 3445; x_wconf 87' lang='lat' dir='ltr'>festum</span> <span class='ocrx_word' id='word_1_205' title='bbox 1174 3405 1266 3445; x_wconf 67' lang='lat' dir='ltr'>arwam</span> 
     </span>
    </p>
   </div>
   <div class='ocr_carea' id='block_1_3' title="bbox 212 3455 1309 3564">
    <p class='ocr_par' dir='ltr' id='par_1_3' title="bbox 212 3455 1309 3564">
     <span class='ocr_line' id='line_1_32' title="bbox 212 3455 1309 3564; baseline -0.002 -17"><span class='ocrx_word' id='word_1_206' title='bbox 212 3485 247 3547; x_wconf 90' lang='lat' dir='ltr'>S.</span> <span class='ocrx_word' id='word_1_207' title='bbox 265 3485 424 3547; x_wconf 85' lang='lat' dir='ltr'>Edwardi</span> <span class='ocrx_word' id='word_1_208' title='bbox 443 3484 481 3564; x_wconf 86' lang='lat'>[5</span> <span class='ocrx_word' id='word_1_209' title='bbox 496 3483 518 3546; x_wconf 89' lang='lat' dir='ltr'>J</span> <span class='ocrx_word' id='word_1_210' title='bbox 522 3483 595 3561; x_wconf 81' lang='lat' dir='ltr'>an]</span> <span class='ocrx_word' id='word_1_211' title='bbox 614 3483 770 3544; x_wconf 89' lang='lat' dir='ltr'>dominus</span> <span class='ocrx_word' id='word_1_212' title='bbox 786 3500 848 3543; x_wconf 90' lang='lat' dir='ltr'>rex</span> <span class='ocrx_word' id='word_1_213' title='bbox 865 3500 996 3544; x_wconf 87' lang='lat' dir='ltr'>moram</span> <span class='ocrx_word' id='word_1_214' title='bbox 1022 3481 1159 3544; x_wconf 88' lang='lat' dir='ltr'>trahens</span> <span class='ocrx_word' id='word_1_215' title='bbox 1173 3455 1309 3553; x_wconf 58' lang='lat' dir='ltr'>idida...</span> 
     </span>
    </p>
   </div>
   <div class='ocr_carea' id='block_1_4' title="bbox 106 3560 1311 3860">
    <p class='ocr_par' dir='ltr' id='par_1_4' title="bbox 106 3560 1311 3860">
     <span class='ocr_line' id='line_1_33' title="bbox 211 3560 1311 3660; baseline -0.003 -15"><span class='ocrx_word' id='word_1_216' title='bbox 211 3583 408 3656; x_wconf 80' lang='lat' dir='ltr'>LondoniiS,</span> <span class='ocrx_word' id='word_1_217' title='bbox 435 3583 549 3644; x_wconf 88' lang='lat' dir='ltr'>citatis</span> <span class='ocrx_word' id='word_1_218' title='bbox 579 3580 703 3642; x_wconf 86' lang='lat' dir='ltr'>ibidem</span> <span class='ocrx_word' id='word_1_219' title='bbox 731 3580 926 3660; x_wconf 90' lang='lat' dir='ltr'>proceribus</span> <span class='ocrx_word' id='word_1_220' title='bbox 956 3578 1093 3660; x_wconf 84' lang='lat' dir='ltr'>Angliae</span> <span class='ocrx_word' id='word_1_221' title='bbox 1124 3560 1311 3652; x_wconf 55' lang='lat' dir='ltr'>etiiiiiiim</span> 
     </span>
     <span class='ocr_line' id='line_1_34' title="bbox 211 3677 1157 3759; baseline -0.005 -16"><span class='ocrx_word' id='word_1_222' title='bbox 211 3681 432 3743; x_wconf 88' lang='lat' dir='ltr'>ecclesiarum</span> <span class='ocrx_word' id='word_1_223' title='bbox 450 3679 613 3759; x_wconf 89' lang='lat' dir='ltr'>praelatis,</span> <span class='ocrx_word' id='word_1_224' title='bbox 624 3680 809 3741; x_wconf 90' lang='lat' dir='ltr'>conabatur</span> <span class='ocrx_word' id='word_1_225' title='bbox 824 3677 1020 3740; x_wconf 92' lang='lat' dir='ltr'>omnimodo</span> <span class='ocrx_word' id='word_1_226' title='bbox 1039 3685 1157 3739; x_wconf 87' lang='lat' dir='ltr'>extor-</span> 
     </span>
     <span class='ocr_line' id='line_1_35' title="bbox 106 3776 1159 3860; baseline -0.005 -19"><span class='ocrx_word' id='word_1_227' title='bbox 106 3809 110 3812; x_wconf 91' lang='lat'><strong>·</strong></span> <span class='ocrx_word' id='word_1_228' title='bbox 210 3798 314 3860; x_wconf 88' lang='lat' dir='ltr'>quere</span> <span class='ocrx_word' id='word_1_229' title='bbox 331 3797 352 3838; x_wconf 89' lang='lat' dir='ltr'>a</span> <span class='ocrx_word' id='word_1_230' title='bbox 369 3778 460 3839; x_wconf 88' lang='lat' dir='ltr'>clero</span> <span class='ocrx_word' id='word_1_231' title='bbox 479 3776 697 3837; x_wconf 86' lang='lat' dir='ltr'>medietatem</span> <span class='ocrx_word' id='word_1_232' title='bbox 713 3776 874 3838; x_wconf 91' lang='lat' dir='ltr'>bonorum</span> <span class='ocrx_word' id='word_1_233' title='bbox 893 3794 1045 3849; x_wconf 89' lang='lat' dir='ltr'>suorum,</span> <span class='ocrx_word' id='word_1_234' title='bbox 1068 3776 1159 3836; x_wconf 90' lang='lat' dir='ltr'>sicut</span> 
     </span>
    </p>
   </div>
   <div class='ocr_carea' id='block_1_5' title="bbox 207 3872 1155 4163">
    <p class='ocr_par' dir='ltr' id='par_1_5' title="bbox 207 3872 1155 4163">
     <span class='ocr_line' id='line_1_36' title="bbox 210 3872 1155 3956; baseline -0.003 -18"><span class='ocrx_word' id='word_1_235' title='bbox 210 3897 300 3938; x_wconf 90' lang='lat' dir='ltr'>anno</span> <span class='ocrx_word' id='word_1_236' title='bbox 317 3874 536 3956; x_wconf 68' lang='lat' dir='ltr'>praecedenti,</span> <span class='ocrx_word' id='word_1_237' title='bbox 553 3880 627 3935; x_wconf 88' lang='lat' dir='ltr'>eta</span> <span class='ocrx_word' id='word_1_238' title='bbox 652 3873 779 3953; x_wconf 92' lang='lat' dir='ltr'>populo</span> <span class='ocrx_word' id='word_1_239' title='bbox 805 3872 963 3934; x_wconf 88' lang='lat' dir='ltr'>similiter</span> <span class='ocrx_word' id='word_1_240' title='bbox 986 3881 1025 3933; x_wconf 90' lang='lat' dir='ltr'>ut</span> <span class='ocrx_word' id='word_1_241' title='bbox 1049 3873 1155 3952; x_wconf 81' lang='lat' dir='ltr'>prius.</span> 
     </span>
     <span class='ocr_line' id='line_1_37' title="bbox 245 4027 1155 4095; baseline -0.004 -13"><span class='ocrx_word' id='word_1_242' title='bbox 245 4034 250 4061; x_wconf 86' lang='lat'>¹</span> <span class='ocrx_word' id='word_1_243' title='bbox 271 4033 368 4095; x_wconf 79' lang='lat' dir='ltr'>Istius]</span> <span class='ocrx_word' id='word_1_244' title='bbox 387 4033 545 4093; x_wconf 82' lang='lat' dir='ltr'>Apparently</span> <span class='ocrx_word' id='word_1_245' title='bbox 560 4045 669 4079; x_wconf 87' lang='lat' dir='ltr'>anerror</span> <span class='ocrx_word' id='word_1_246' title='bbox 728 4027 876 4094; x_wconf 70' lang='lat' dir='ltr'>&#39;Dec-ima]</span> <span class='ocrx_word' id='word_1_247' title='bbox 902 4030 976 4078; x_wconf 87' lang='lat' dir='ltr'>From</span> <span class='ocrx_word' id='word_1_248' title='bbox 999 4033 1155 4091; x_wconf 83' lang='lat' dir='ltr'>conjecture.</span> 
     </span>
     <span class='ocr_line' id='line_1_38' title="bbox 207 4095 1002 4163; baseline -0.008 -11"><span class='ocrx_word' id='word_1_249' title='bbox 207 4107 244 4152; x_wconf 87' lang='lat' dir='ltr'>ior</span> <span class='ocrx_word' id='word_1_250' title='bbox 256 4105 340 4163; x_wconf 76' lang='lat' dir='ltr'>liujus:</span> <span class='ocrx_word' id='word_1_251' title='bbox 360 4103 416 4150; x_wconf 90' lang='lat' dir='ltr'>scil.</span> <span class='ocrx_word' id='word_1_252' title='bbox 427 4103 464 4150; x_wconf 86' lang='lat' dir='ltr'>St.</span> <span class='ocrx_word' id='word_1_253' title='bbox 479 4097 630 4148; x_wconf 84' lang='lat' dir='ltr'>Edmund&#39;s.</span> <span class='ocrx_word' id='word_1_254' title='bbox 694 4099 746 4147; x_wconf 83' lang='lat' dir='ltr'>The</span> <span class='ocrx_word' id='word_1_255' title='bbox 759 4100 816 4148; x_wconf 88' lang='lat' dir='ltr'>MS.</span> <span class='ocrx_word' id='word_1_256' title='bbox 829 4100 874 4147; x_wconf 85' lang='lat' dir='ltr'>has</span> <span class='ocrx_word' id='word_1_257' title='bbox 886 4102 893 4126; x_wconf 91' lang='lat'>‘</span> <span class='ocrx_word' id='word_1_258' title='bbox 903 4095 1002 4159; x_wconf 62' lang='lat' dir='ltr'>reptio!</span> 
     </span>
    </p>
   </div>
   <div class='ocr_carea' id='block_1_6' title="bbox 0 0 1542 4508">
    <p class='ocr_par' dir='ltr' id='par_1_6' title="bbox 0 0 1542 4508">
     <span class='ocr_line' id='line_1_39' title="bbox 0 0 1542 4508; baseline 0 7"><span class='ocrx_word' id='word_1_259' title='bbox 0 0 1542 4508; x_wconf 95' lang='lat' dir='ltr'> </span> 
     </span>
    </p>
   </div>
  </div>
 </body>
</html>
