<?xml version="1.0" encoding="UTF-8"?>
<!DOCTYPE html PUBLIC "-//W3C//DTD XHTML 1.0 Transitional//EN"
    "http://www.w3.org/TR/xhtml1/DTD/xhtml1-transitional.dtd">
<html xmlns="http://www.w3.org/1999/xhtml" xml:lang="en" lang="en">
 <head>
  <title>
</title>
<meta http-equiv="Content-Type" content="text/html;charset=utf-8" />
  <meta name='ocr-system' content='tesseract 3.04.00' />
  <meta name='ocr-capabilities' content='ocr_page ocr_carea ocr_par ocr_line ocrx_word'/>
</head>
<body>
  <div class='ocr_page' id='page_1' title='image "./florentiiwigorn01florgoog_0059.png"; bbox 0 0 3074 4508; ppageno 0'>
   <div class='ocr_carea' id='block_1_1' title="bbox 371 329 947 393">
    <p class='ocr_par' dir='ltr' id='par_1_1' title="bbox 371 329 947 393">
     <span class='ocr_line' id='line_1_1' title="bbox 371 329 947 393; baseline 0.003 -3"><span class='ocrx_word' id='word_1_1' title='bbox 371 329 416 391; x_wconf 72' lang='lat'><strong>34</strong></span> <span class='ocrx_word' id='word_1_2' title='bbox 739 346 947 393; x_wconf 80' lang='lat' dir='ltr'><strong>cunourcou</strong></span> 
     </span>
    </p>
   </div>
   <div class='ocr_carea' id='block_1_2' title="bbox 206 497 1324 2450">
    <p class='ocr_par' dir='ltr' id='par_1_2' title="bbox 206 497 1324 2450">
     <span class='ocr_line' id='line_1_2' title="bbox 208 497 1319 606; baseline 0.005 -52"><span class='ocrx_word' id='word_1_3' title='bbox 208 517 303 606; x_wconf 58' lang='lat' dir='ltr'><strong>numm</strong></span> <span class='ocrx_word' id='word_1_4' title='bbox 372 503 535 581; x_wconf 84' lang='lat' dir='ltr'><strong>perrexit.</strong></span> <span class='ocrx_word' id='word_1_5' title='bbox 589 503 669 566; x_wconf 82' lang='lat' dir='ltr'><strong>Rex</strong></span> <span class='ocrx_word' id='word_1_6' title='bbox 694 503 735 566; x_wconf 90' lang='lat' dir='ltr'><strong>ad</strong></span> <span class='ocrx_word' id='word_1_7' title='bbox 752 503 837 566; x_wconf 86' lang='lat' dir='ltr'><strong>Owe</strong></span> <span class='ocrx_word' id='word_1_8' title='bbox 862 503 975 579; x_wconf 85' lang='lat' dir='ltr'><strong>rediit,</strong></span> <span class='ocrx_word' id='word_1_9' title='bbox 993 509 1028 564; x_wconf 90' lang='lat' dir='ltr'><strong>et</strong></span> <span class='ocrx_word' id='word_1_10' title='bbox 1050 501 1086 563; x_wconf 93' lang='lat' dir='ltr'><strong>in</strong></span> <span class='ocrx_word' id='word_1_11' title='bbox 1107 500 1166 562; x_wconf 91' lang='lat' dir='ltr'><strong>illo</strong></span> <span class='ocrx_word' id='word_1_12' title='bbox 1181 497 1319 573; x_wconf 83' lang='lat' dir='ltr'><strong>resedit,</strong></span> 
     </span>
     <span class='ocr_line' id='line_1_3' title="bbox 206 577 1320 683; baseline 0.004 -29"><span class='ocrx_word' id='word_1_13' title='bbox 206 577 337 656; x_wconf 49' lang='lat' dir='ltr'><strong>&#39;dallei‘-</strong></span> <span class='ocrx_word' id='word_1_14' title='bbox 373 600 556 665; x_wconf 85' lang='lat' dir='ltr'>solidarios</span> <span class='ocrx_word' id='word_1_15' title='bbox 582 603 733 683; x_wconf 86' lang='lat' dir='ltr'><strong>undique</strong></span> <span class='ocrx_word' id='word_1_16' title='bbox 761 602 938 678; x_wconf 88' lang='lat' dir='ltr'><strong>conduxit,</strong></span> <span class='ocrx_word' id='word_1_17' title='bbox 965 620 1099 675; x_wconf 87' lang='lat' dir='ltr'><strong>aurum,</strong></span> <span class='ocrx_word' id='word_1_18' title='bbox 1126 605 1320 679; x_wconf 84' lang='lat' dir='ltr'><strong>argentum,</strong></span> 
     </span>
     <span class='ocr_line' id='line_1_4' title="bbox 208 667 1320 783; baseline -0.006 -20"><span class='ocrx_word' id='word_1_19' title='bbox 208 668 256 706; x_wconf 51' lang='lat' dir='ltr'><strong>‘lm</strong></span> <span class='ocrx_word' id='word_1_20' title='bbox 271 667 360 707; x_wconf 48' lang='lat' dir='ltr'><strong>mem</strong></span> <span class='ocrx_word' id='word_1_21' title='bbox 375 708 496 776; x_wconf 86' lang='lat' dir='ltr'><strong>terras,</strong></span> <span class='ocrx_word' id='word_1_22' title='bbox 522 701 727 782; x_wconf 89' lang='lat' dir='ltr'><strong>quibusdam</strong></span> <span class='ocrx_word' id='word_1_23' title='bbox 755 703 938 783; x_wconf 85' lang='lat' dir='ltr'><strong>primatum</strong></span> <span class='ocrx_word' id='word_1_24' title='bbox 962 697 1185 763; x_wconf 87' lang='lat' dir='ltr'><strong>Normanniae</strong></span> <span class='ocrx_word' id='word_1_25' title='bbox 1214 695 1320 769; x_wconf 89' lang='lat' dir='ltr'>dedit,</span> 
     </span>
     <span class='ocr_line' id='line_1_5' title="bbox 373 795 1319 882; baseline -0.006 -21"><span class='ocrx_word' id='word_1_26' title='bbox 373 801 579 880; x_wconf 87' lang='lat' dir='ltr'><strong>quibusdam</strong></span> <span class='ocrx_word' id='word_1_27' title='bbox 605 801 774 882; x_wconf 86' lang='lat' dir='ltr'>promisit,</span> <span class='ocrx_word' id='word_1_28' title='bbox 789 809 828 863; x_wconf 93' lang='lat' dir='ltr'><strong>ut</strong></span> <span class='ocrx_word' id='word_1_29' title='bbox 846 820 866 863; x_wconf 88' lang='lat' dir='ltr'><strong>a</strong></span> <span class='ocrx_word' id='word_1_30' title='bbox 883 818 1050 880; x_wconf 83' lang='lat' dir='ltr'><strong>germano</strong></span> <span class='ocrx_word' id='word_1_31' title='bbox 1068 816 1131 860; x_wconf 89' lang='lat' dir='ltr'><strong>suo</strong></span> <span class='ocrx_word' id='word_1_32' title='bbox 1148 795 1319 858; x_wconf 85' lang='lat' dir='ltr'><strong>Rotberto</strong></span> 
     </span>
     <span class='ocr_line' id='line_1_6' title="bbox 376 893 1319 973; baseline -0.004 -15"><span class='ocrx_word' id='word_1_33' title='bbox 376 897 573 973; x_wconf 87' lang='lat' dir='ltr'><strong>deficerent,</strong></span> <span class='ocrx_word' id='word_1_34' title='bbox 596 908 691 961; x_wconf 89' lang='lat' dir='ltr'><strong>etse</strong></span> <span class='ocrx_word' id='word_1_35' title='bbox 722 918 799 961; x_wconf 89' lang='lat' dir='ltr'><strong>cum</strong></span> <span class='ocrx_word' id='word_1_36' title='bbox 826 898 977 961; x_wconf 83' lang='lat' dir='ltr'><strong>castellis</strong></span> <span class='ocrx_word' id='word_1_37' title='bbox 999 917 1071 960; x_wconf 86' lang='lat' dir='ltr'><strong>suae</strong></span> <span class='ocrx_word' id='word_1_38' title='bbox 1094 894 1216 958; x_wconf 92' lang='lat' dir='ltr'><strong>ditioni</strong></span> <span class='ocrx_word' id='word_1_39' title='bbox 1238 893 1319 955; x_wconf 90' lang='lat' dir='ltr'><strong>sub·</strong></span> 
     </span>
     <span class='ocr_line' id='line_1_7' title="bbox 370 995 1321 1077; baseline -0.004 -21"><span class='ocrx_word' id='word_1_40' title='bbox 370 995 537 1075; x_wconf 80' lang='lat' dir='ltr'><strong>jicerent3</strong></span> <span class='ocrx_word' id='word_1_41' title='bbox 563 996 688 1075; x_wconf 91' lang='lat' dir='ltr'><strong>quibus</strong></span> <span class='ocrx_word' id='word_1_42' title='bbox 706 997 749 1059; x_wconf 86' lang='lat' dir='ltr'><strong>ad</strong></span> <span class='ocrx_word' id='word_1_43' title='bbox 775 997 862 1058; x_wconf 82' lang='lat' dir='ltr'><strong>velle</strong></span> <span class='ocrx_word' id='word_1_44' title='bbox 886 1016 988 1059; x_wconf 90' lang='lat' dir='ltr'><strong>suum</strong></span> <span class='ocrx_word' id='word_1_45' title='bbox 1010 995 1154 1077; x_wconf 86' lang='lat' dir='ltr'><strong>paratis,</strong></span> <span class='ocrx_word' id='word_1_46' title='bbox 1177 1011 1240 1073; x_wconf 87' lang='lat' dir='ltr'><strong>per</strong></span> <span class='ocrx_word' id='word_1_47' title='bbox 1263 1009 1321 1053; x_wconf 90' lang='lat' dir='ltr'><strong>ca-</strong></span> 
     </span>
     <span class='ocr_line' id='line_1_8' title="bbox 375 1092 1320 1175; baseline -0.004 -21"><span class='ocrx_word' id='word_1_48' title='bbox 375 1092 488 1167; x_wconf 88' lang='lat' dir='ltr'><strong>stella,</strong></span> <span class='ocrx_word' id='word_1_49' title='bbox 501 1093 557 1155; x_wconf 85' lang='lat' dir='ltr'><strong>rel</strong></span> <span class='ocrx_word' id='word_1_50' title='bbox 572 1112 651 1173; x_wconf 86' lang='lat' dir='ltr'><strong>quae</strong></span> <span class='ocrx_word' id='word_1_51' title='bbox 669 1093 763 1174; x_wconf 89' lang='lat' dir='ltr'><strong>prius</strong></span> <span class='ocrx_word' id='word_1_52' title='bbox 779 1094 958 1169; x_wconf 82' lang='lat' dir='ltr'><strong>habuerat,</strong></span> <span class='ocrx_word' id='word_1_53' title='bbox 974 1095 1030 1157; x_wconf 85' lang='lat' dir='ltr'><strong>vel</strong></span> <span class='ocrx_word' id='word_1_54' title='bbox 1048 1112 1126 1175; x_wconf 85' lang='lat' dir='ltr'><strong>quae</strong></span> <span class='ocrx_word' id='word_1_55' title='bbox 1141 1098 1225 1154; x_wconf 89' lang='lat' dir='ltr'><strong>tunc</strong></span> <span class='ocrx_word' id='word_1_56' title='bbox 1239 1108 1320 1152; x_wconf 87' lang='lat' dir='ltr'><strong>con-</strong></span> 
     </span>
     <span class='ocr_line' id='line_1_9' title="bbox 374 1187 1321 1267; baseline -0.004 -14"><span class='ocrx_word' id='word_1_57' title='bbox 374 1192 534 1267; x_wconf 81' lang='lat' dir='ltr'><strong>duxerat,</strong></span> <span class='ocrx_word' id='word_1_58' title='bbox 554 1211 635 1254; x_wconf 91' lang='lat' dir='ltr'><strong>suos</strong></span> <span class='ocrx_word' id='word_1_59' title='bbox 660 1192 785 1255; x_wconf 90' lang='lat' dir='ltr'><strong>milites</strong></span> <span class='ocrx_word' id='word_1_60' title='bbox 803 1193 987 1255; x_wconf 85' lang='lat' dir='ltr'><strong>distribuit.</strong></span> <span class='ocrx_word' id='word_1_61' title='bbox 1042 1192 1182 1255; x_wconf 85' lang='lat' dir='ltr'><strong>Interea</strong></span> <span class='ocrx_word' id='word_1_62' title='bbox 1199 1187 1321 1252; x_wconf 85' lang='lat' dir='ltr'><strong>castel·</strong></span> 
     </span>
     <span class='ocr_line' id='line_1_10' title="bbox 375 1286 1320 1374; baseline -0.004 -23"><span class='ocrx_word' id='word_1_63' title='bbox 375 1290 447 1352; x_wconf 91' lang='lat' dir='ltr'><strong>lum</strong></span> <span class='ocrx_word' id='word_1_64' title='bbox 482 1291 574 1372; x_wconf 91' lang='lat' dir='ltr'><strong>quod</strong></span> <span class='ocrx_word' id='word_1_65' title='bbox 606 1292 717 1354; x_wconf 89' lang='lat' dir='ltr'><strong>Bures</strong></span> <span class='ocrx_word' id='word_1_66' title='bbox 752 1300 895 1354; x_wconf 87' lang='lat' dir='ltr'><strong>vocatur</strong></span> <span class='ocrx_word' id='word_1_67' title='bbox 926 1291 1151 1374; x_wconf 83' lang='lat' dir='ltr'><strong>expugnavit,</strong></span> <span class='ocrx_word' id='word_1_68' title='bbox 1184 1286 1320 1350; x_wconf 90' lang='lat' dir='ltr'><strong>comitis</strong></span> 
     </span>
     <span class='ocr_line' id='line_1_11' title="bbox 375 1385 1323 1472; baseline -0.005 -21"><span class='ocrx_word' id='word_1_69' title='bbox 375 1389 501 1452; x_wconf 88' lang='lat' dir='ltr'><strong>milites</strong></span> <span class='ocrx_word' id='word_1_70' title='bbox 524 1391 559 1452; x_wconf 91' lang='lat' dir='ltr'><strong>in</strong></span> <span class='ocrx_word' id='word_1_71' title='bbox 580 1390 640 1452; x_wconf 91' lang='lat' dir='ltr'><strong>illo</strong></span> <span class='ocrx_word' id='word_1_72' title='bbox 656 1400 776 1471; x_wconf 89' lang='lat' dir='ltr'><strong>captos</strong></span> <span class='ocrx_word' id='word_1_73' title='bbox 792 1392 916 1472; x_wconf 87' lang='lat' dir='ltr'><strong>partim</strong></span> <span class='ocrx_word' id='word_1_74' title='bbox 932 1391 967 1452; x_wconf 91' lang='lat' dir='ltr'><strong>in</strong></span> <span class='ocrx_word' id='word_1_75' title='bbox 986 1389 1116 1470; x_wconf 80' lang='lat' dir='ltr'><strong>Anglia</strong></span> <span class='ocrx_word' id='word_1_76' title='bbox 1130 1385 1323 1451; x_wconf 84' lang='lat' dir='ltr'><strong>custodien-</strong></span> 
     </span>
     <span class='ocr_line' id='line_1_12' title="bbox 376 1484 1323 1568; baseline -0.002 -20"><span class='ocrx_word' id='word_1_77' title='bbox 376 1487 438 1550; x_wconf 91' lang='lat' dir='ltr'><strong>dos</strong></span> <span class='ocrx_word' id='word_1_78' title='bbox 456 1488 560 1562; x_wconf 88' lang='lat' dir='ltr'><strong>misit,</strong></span> <span class='ocrx_word' id='word_1_79' title='bbox 577 1489 701 1568; x_wconf 86' lang='lat' dir='ltr'><strong>partim</strong></span> <span class='ocrx_word' id='word_1_80' title='bbox 718 1490 753 1551; x_wconf 91' lang='lat' dir='ltr'><strong>in</strong></span> <span class='ocrx_word' id='word_1_81' title='bbox 773 1489 989 1553; x_wconf 87' lang='lat' dir='ltr'><strong>Normannia</strong></span> <span class='ocrx_word' id='word_1_82' title='bbox 1013 1488 1177 1553; x_wconf 83' lang='lat' dir='ltr'><strong>custodiae</strong></span> <span class='ocrx_word' id='word_1_83' title='bbox 1195 1484 1323 1548; x_wconf 84' lang='lat' dir='ltr'><strong>manci·</strong></span> 
     </span>
     <span class='ocr_line' id='line_1_13' title="bbox 375 1587 1322 1665; baseline -0.002 -19"><span class='ocrx_word' id='word_1_84' title='bbox 375 1587 491 1665; x_wconf 86' lang='lat' dir='ltr'><strong>pavit;</strong></span> <span class='ocrx_word' id='word_1_85' title='bbox 521 1595 556 1648; x_wconf 91' lang='lat' dir='ltr'><strong>et</strong></span> <span class='ocrx_word' id='word_1_86' title='bbox 591 1587 729 1650; x_wconf 81' lang='lat' dir='ltr'><strong>fratrem</strong></span> <span class='ocrx_word' id='word_1_87' title='bbox 762 1608 861 1651; x_wconf 92' lang='lat' dir='ltr'><strong>suum</strong></span> <span class='ocrx_word' id='word_1_88' title='bbox 893 1589 1011 1651; x_wconf 91' lang='lat' dir='ltr'><strong>multis</strong></span> <span class='ocrx_word' id='word_1_89' title='bbox 1038 1587 1147 1650; x_wconf 92' lang='lat' dir='ltr'><strong>modis</strong></span> <span class='ocrx_word' id='word_1_90' title='bbox 1178 1601 1322 1656; x_wconf 83' lang='lat' dir='ltr'><strong>vexans,</strong></span> 
     </span>
     <span class='ocr_line' id='line_1_14' title="bbox 376 1684 1323 1749; baseline -0.002 -5"><span class='ocrx_word' id='word_1_91' title='bbox 376 1684 598 1746; x_wconf 61' lang='lat' dir='ltr'><strong>exhaeredare</strong></span> <span class='ocrx_word' id='word_1_92' title='bbox 619 1687 801 1749; x_wconf 89' lang='lat' dir='ltr'><strong>laboravit.</strong></span> <span class='ocrx_word' id='word_1_93' title='bbox 854 1686 903 1749; x_wconf 90' lang='lat' dir='ltr'><strong>At</strong></span> <span class='ocrx_word' id='word_1_94' title='bbox 924 1687 982 1748; x_wconf 91' lang='lat' dir='ltr'><strong>ille</strong></span> <span class='ocrx_word' id='word_1_95' title='bbox 1002 1685 1207 1748; x_wconf 83' lang='lat' dir='ltr'><strong>necessitate</strong></span> <span class='ocrx_word' id='word_1_96' title='bbox 1229 1700 1323 1744; x_wconf 90' lang='lat' dir='ltr'><strong>com-</strong></span> 
     </span>
     <span class='ocr_line' id='line_1_15' title="bbox 376 1778 1320 1862; baseline -0.001 -21"><span class='ocrx_word' id='word_1_97' title='bbox 376 1781 508 1860; x_wconf 79' lang='lat' dir='ltr'><strong>pulsuS,</strong></span> <span class='ocrx_word' id='word_1_98' title='bbox 531 1782 708 1844; x_wconf 91' lang='lat' dir='ltr'><strong>dominum</strong></span> <span class='ocrx_word' id='word_1_99' title='bbox 731 1803 842 1855; x_wconf 90' lang='lat' dir='ltr'><strong>suum,</strong></span> <span class='ocrx_word' id='word_1_100' title='bbox 868 1803 984 1862; x_wconf 81' lang='lat' dir='ltr'><strong>regem</strong></span> <span class='ocrx_word' id='word_1_101' title='bbox 1008 1784 1222 1845; x_wconf 86' lang='lat' dir='ltr'><strong>Francorum</strong></span> <span class='ocrx_word' id='word_1_102' title='bbox 1240 1778 1320 1841; x_wconf 91' lang='lat' dir='ltr'><strong>Phi·</strong></span> 
     </span>
     <span class='ocr_line' id='line_1_16' title="bbox 376 1878 1321 1959; baseline 0.001 -20"><span class='ocrx_word' id='word_1_103' title='bbox 376 1879 520 1959; x_wconf 90' lang='lat' dir='ltr'><strong>lippum,</strong></span> <span class='ocrx_word' id='word_1_104' title='bbox 555 1898 634 1941; x_wconf 91' lang='lat' dir='ltr'><strong>cum</strong></span> <span class='ocrx_word' id='word_1_105' title='bbox 678 1881 832 1943; x_wconf 86' lang='lat' dir='ltr'><strong>exercitu</strong></span> <span class='ocrx_word' id='word_1_106' title='bbox 869 1880 1120 1944; x_wconf 85' lang='lat' dir='ltr'><strong>Normanniam</strong></span> <span class='ocrx_word' id='word_1_107' title='bbox 1156 1878 1321 1949; x_wconf 78' lang='lat' dir='ltr'><strong>adduxit3</strong></span> 
     </span>
     <span class='ocr_line' id='line_1_17' title="bbox 376 1976 1323 2058; baseline -0.002 -18"><span class='ocrx_word' id='word_1_108' title='bbox 376 1978 436 2040; x_wconf 88' lang='lat' dir='ltr'><strong>sed</strong></span> <span class='ocrx_word' id='word_1_109' title='bbox 463 1997 526 2040; x_wconf 83' lang='lat' dir='ltr'><strong>rex</strong></span> <span class='ocrx_word' id='word_1_110' title='bbox 545 1976 773 2058; x_wconf 79' lang='lat' dir='ltr'><strong>Argentinum</strong></span> <span class='ocrx_word' id='word_1_111' title='bbox 795 1979 988 2043; x_wconf 87' lang='lat' dir='ltr'><strong>castellum¹</strong></span> <span class='ocrx_word' id='word_1_112' title='bbox 1014 1979 1159 2054; x_wconf 87' lang='lat' dir='ltr'><strong>obsedit,</strong></span> <span class='ocrx_word' id='word_1_113' title='bbox 1182 1985 1217 2040; x_wconf 90' lang='lat' dir='ltr'><strong>et</strong></span> <span class='ocrx_word' id='word_1_114' title='bbox 1245 1977 1323 2058; x_wconf 89' lang='lat' dir='ltr'><strong>ipso</strong></span> 
     </span>
     <span class='ocr_line' id='line_1_18' title="bbox 376 2075 1323 2160; baseline -0.003 -21"><span class='ocrx_word' id='word_1_115' title='bbox 376 2076 432 2139; x_wconf 90' lang='lat' dir='ltr'><strong>die</strong></span> <span class='ocrx_word' id='word_1_116' title='bbox 447 2076 667 2153; x_wconf 88' lang='lat' dir='ltr'><strong>obsessionis,</strong></span> <span class='ocrx_word' id='word_1_117' title='bbox 705 2095 784 2140; x_wconf 86' lang='lat' dir='ltr'><strong>noc.</strong></span> <span class='ocrx_word' id='word_1_118' title='bbox 802 2078 927 2141; x_wconf 91' lang='lat' dir='ltr'><strong>milites</strong></span> <span class='ocrx_word' id='word_1_119' title='bbox 950 2079 1042 2160; x_wconf 85' lang='lat' dir='ltr'><strong>regis</strong></span> <span class='ocrx_word' id='word_1_120' title='bbox 1067 2097 1145 2141; x_wconf 90' lang='lat' dir='ltr'><strong>cum</strong></span> <span class='ocrx_word' id='word_1_121' title='bbox 1167 2077 1222 2139; x_wconf 91' lang='lat' dir='ltr'><strong>bis</strong></span> <span class='ocrx_word' id='word_1_122' title='bbox 1242 2075 1323 2138; x_wconf 89' lang='lat' dir='ltr'><strong>toti-</strong></span> 
     </span>
     <span class='ocr_line' id='line_1_19' title="bbox 376 2172 1322 2254; baseline 0 -20"><span class='ocrx_word' id='word_1_123' title='bbox 376 2174 454 2236; x_wconf 87' lang='lat' dir='ltr'><strong>dem</strong></span> <span class='ocrx_word' id='word_1_124' title='bbox 471 2176 645 2250; x_wconf 88' lang='lat' dir='ltr'><strong>scutariis,</strong></span> <span class='ocrx_word' id='word_1_125' title='bbox 663 2181 698 2238; x_wconf 90' lang='lat' dir='ltr'><strong>et</strong></span> <span class='ocrx_word' id='word_1_126' title='bbox 721 2176 916 2238; x_wconf 85' lang='lat' dir='ltr'><strong>castellanis</strong></span> <span class='ocrx_word' id='word_1_127' title='bbox 946 2177 1111 2239; x_wconf 84' lang='lat' dir='ltr'><strong>omnibus</strong></span> <span class='ocrx_word' id='word_1_128' title='bbox 1137 2173 1198 2254; x_wconf 91' lang='lat' dir='ltr'><strong>qui</strong></span> <span class='ocrx_word' id='word_1_129' title='bbox 1227 2172 1322 2235; x_wconf 89' lang='lat' dir='ltr'><strong>intus</strong></span> 
     </span>
     <span class='ocr_line' id='line_1_20' title="bbox 377 2272 1324 2353; baseline -0.002 -20"><span class='ocrx_word' id='word_1_130' title='bbox 377 2278 486 2346; x_wconf 85' lang='lat' dir='ltr'><strong>erant,</strong></span> <span class='ocrx_word' id='word_1_131' title='bbox 521 2272 594 2334; x_wconf 90' lang='lat' dir='ltr'><strong>sine</strong></span> <span class='ocrx_word' id='word_1_132' title='bbox 633 2273 811 2352; x_wconf 84' lang='lat' dir='ltr'><strong>sanguinis</strong></span> <span class='ocrx_word' id='word_1_133' title='bbox 843 2272 1007 2336; x_wconf 86' lang='lat' dir='ltr'><strong>effusione</strong></span> <span class='ocrx_word' id='word_1_134' title='bbox 1048 2272 1152 2353; x_wconf 83' lang='lat' dir='ltr'><strong>cepit,</strong></span> <span class='ocrx_word' id='word_1_135' title='bbox 1188 2275 1324 2351; x_wconf 85' lang='lat' dir='ltr'><strong>captos·</strong></span> 
     </span>
     <span class='ocr_line' id='line_1_21' title="bbox 375 2368 1324 2450; baseline -0.001 -19"><span class='ocrx_word' id='word_1_136' title='bbox 375 2388 442 2450; x_wconf 89' lang='lat' dir='ltr'><strong>quc</strong></span> <span class='ocrx_word' id='word_1_137' title='bbox 468 2369 504 2430; x_wconf 92' lang='lat' dir='ltr'><strong>in</strong></span> <span class='ocrx_word' id='word_1_138' title='bbox 531 2369 688 2433; x_wconf 87' lang='lat' dir='ltr'><strong>custodia</strong></span> <span class='ocrx_word' id='word_1_139' title='bbox 713 2370 843 2433; x_wconf 87' lang='lat' dir='ltr'><strong>tamdiu</strong></span> <span class='ocrx_word' id='word_1_140' title='bbox 867 2371 1014 2435; x_wconf 84' lang='lat' dir='ltr'><strong>detineri</strong></span> <span class='ocrx_word' id='word_1_141' title='bbox 1045 2369 1235 2444; x_wconf 87' lang='lat' dir='ltr'><strong>mandavit,</strong></span> <span class='ocrx_word' id='word_1_142' title='bbox 1263 2368 1324 2430; x_wconf 91' lang='lat' dir='ltr'><strong>do·</strong></span> 
     </span>
    </p>
   </div>
   <div class='ocr_carea' id='block_1_3' title="bbox 374 2466 1324 2550">
    <p class='ocr_par' dir='ltr' id='par_1_3' title="bbox 374 2466 1324 2550">
     <span class='ocr_line' id='line_1_22' title="bbox 374 2466 1324 2550; baseline -0.001 -21"><span class='ocrx_word' id='word_1_143' title='bbox 374 2487 439 2530; x_wconf 92' lang='lat' dir='ltr'><strong>nec</strong></span> <span class='ocrx_word' id='word_1_144' title='bbox 459 2467 606 2549; x_wconf 87' lang='lat' dir='ltr'><strong>quisque</strong></span> <span class='ocrx_word' id='word_1_145' title='bbox 629 2487 667 2531; x_wconf 86' lang='lat' dir='ltr'><strong>se</strong></span> <span class='ocrx_word' id='word_1_146' title='bbox 693 2469 895 2548; x_wconf 90' lang='lat' dir='ltr'><strong>redimeret;</strong></span> <span class='ocrx_word' id='word_1_147' title='bbox 917 2477 1048 2550; x_wconf 90' lang='lat' dir='ltr'><strong>etpost</strong></span> <span class='ocrx_word' id='word_1_148' title='bbox 1069 2470 1143 2532; x_wconf 88' lang='lat' dir='ltr'><strong>haec</strong></span> <span class='ocrx_word' id='word_1_149' title='bbox 1160 2469 1196 2530; x_wconf 92' lang='lat' dir='ltr'><strong>in</strong></span> <span class='ocrx_word' id='word_1_150' title='bbox 1213 2466 1324 2529; x_wconf 88' lang='lat' dir='ltr'><strong>Fran-</strong></span> 
     </span>
    </p>
   </div>
   <div class='ocr_carea' id='block_1_4' title="bbox 373 2641 1327 3668">
    <p class='ocr_par' dir='ltr' id='par_1_4' title="bbox 373 2641 1327 3529">
     <span class='ocr_line' id='line_1_23' title="bbox 373 2641 1323 2705; baseline 0.002 -17"><span class='ocrx_word' id='word_1_151' title='bbox 373 2641 432 2689; x_wconf 92' lang='lat' dir='ltr'><strong>illos</strong></span> <span class='ocrx_word' id='word_1_152' title='bbox 448 2641 473 2688; x_wconf 90' lang='lat' dir='ltr'><strong>in</strong></span> <span class='ocrx_word' id='word_1_153' title='bbox 489 2642 648 2689; x_wconf 86' lang='lat' dir='ltr'><strong>Normannia</strong></span> <span class='ocrx_word' id='word_1_154' title='bbox 663 2641 757 2690; x_wconf 84' lang='lat' dir='ltr'><strong>factam</strong></span> <span class='ocrx_word' id='word_1_155' title='bbox 769 2647 837 2691; x_wconf 89' lang='lat' dir='ltr'><strong>esset</strong></span> <span class='ocrx_word' id='word_1_156' title='bbox 861 2644 931 2704; x_wconf 82' lang='lat' dir='ltr'><strong>tatis,</strong></span> <span class='ocrx_word' id='word_1_157' title='bbox 954 2643 1113 2705; x_wconf 81' lang='lat' dir='ltr'><strong>adunavit.]⁸</strong></span> <span class='ocrx_word' id='word_1_158' title='bbox 1148 2642 1217 2692; x_wconf 87' lang='lat' dir='ltr'><strong>Dein</strong></span> <span class='ocrx_word' id='word_1_159' title='bbox 1237 2642 1323 2690; x_wconf 85' lang='lat' dir='ltr'><strong>media</strong></span> 
     </span>
     <span class='ocr_line' id='line_1_24' title="bbox 373 2710 1324 2774; baseline 0 -16"><span class='ocrx_word' id='word_1_160' title='bbox 373 2711 399 2758; x_wconf 89' lang='lat' dir='ltr'><strong>ei</strong></span> <span class='ocrx_word' id='word_1_161' title='bbox 416 2710 601 2771; x_wconf 87' lang='lat' dir='ltr'><strong>persoluturus.</strong></span> <span class='ocrx_word' id='word_1_162' title='bbox 636 2710 678 2759; x_wconf 91' lang='lat' dir='ltr'><strong>Ob</strong></span> <span class='ocrx_word' id='word_1_163' title='bbox 696 2710 759 2759; x_wconf 87' lang='lat' dir='ltr'><strong>hanc</strong></span> <span class='ocrx_word' id='word_1_164' title='bbox 775 2725 836 2759; x_wconf 89' lang='lat' dir='ltr'><strong>cau·</strong></span> <span class='ocrx_word' id='word_1_165' title='bbox 862 2711 1072 2774; x_wconf 83' lang='lat' dir='ltr'><strong>Quadragesimae</strong></span> <span class='ocrx_word' id='word_1_166' title='bbox 1088 2726 1133 2759; x_wconf 88' lang='lat' dir='ltr'><strong>rex</strong></span> <span class='ocrx_word' id='word_1_167' title='bbox 1144 2711 1324 2759; x_wconf 89' lang='lat' dir='ltr'><strong>Normanniam</strong></span> 
     </span>
     <span class='ocr_line' id='line_1_25' title="bbox 374 2779 1324 2842; baseline 0.001 -15"><span class='ocrx_word' id='word_1_168' title='bbox 374 2793 429 2827; x_wconf 86' lang='lat' dir='ltr'><strong>sam</strong></span> <span class='ocrx_word' id='word_1_169' title='bbox 451 2793 506 2839; x_wconf 87' lang='lat' dir='ltr'><strong>rex,</strong></span> <span class='ocrx_word' id='word_1_170' title='bbox 529 2781 598 2828; x_wconf 88' lang='lat' dir='ltr'><strong>circa</strong></span> <span class='ocrx_word' id='word_1_171' title='bbox 619 2779 672 2828; x_wconf 86' lang='lat' dir='ltr'><strong>kal.</strong></span> <span class='ocrx_word' id='word_1_172' title='bbox 696 2780 836 2840; x_wconf 83' lang='lat' dir='ltr'><strong>Februarii,</strong></span> <span class='ocrx_word' id='word_1_173' title='bbox 861 2781 952 2842; x_wconf 87' lang='lat' dir='ltr'><strong>petiit:</strong></span> <span class='ocrx_word' id='word_1_174' title='bbox 970 2781 1005 2829; x_wconf 91' lang='lat' dir='ltr'><strong>ad</strong></span> <span class='ocrx_word' id='word_1_175' title='bbox 1015 2780 1100 2828; x_wconf 79' lang='lat' dir='ltr'><strong>fratris</strong></span> <span class='ocrx_word' id='word_1_176' title='bbox 1110 2780 1264 2840; x_wconf 83' lang='lat' dir='ltr'><strong>colloquium</strong></span> <span class='ocrx_word' id='word_1_177' title='bbox 1275 2781 1324 2828; x_wconf 85' lang='lat' dir='ltr'><strong>sub</strong></span> 
     </span>
     <span class='ocr_line' id='line_1_26' title="bbox 374 2847 1325 2910; baseline 0.002 -14"><span class='ocrx_word' id='word_1_178' title='bbox 374 2847 545 2909; x_wconf 88' lang='lat' dir='ltr'><strong>Heastingam</strong></span> <span class='ocrx_word' id='word_1_179' title='bbox 570 2849 642 2909; x_wconf 86' lang='lat' dir='ltr'><strong>adiit,</strong></span> <span class='ocrx_word' id='word_1_180' title='bbox 669 2852 696 2896; x_wconf 88' lang='lat' dir='ltr'><strong>et</strong></span> <span class='ocrx_word' id='word_1_181' title='bbox 718 2848 778 2896; x_wconf 90' lang='lat' dir='ltr'><strong>dum</strong></span> <span class='ocrx_word' id='word_1_182' title='bbox 800 2849 836 2897; x_wconf 91' lang='lat' dir='ltr'><strong>ibi</strong></span> <span class='ocrx_word' id='word_1_183' title='bbox 862 2865 925 2910; x_wconf 85' lang='lat' dir='ltr'><strong>pace</strong></span> <span class='ocrx_word' id='word_1_184' title='bbox 942 2855 1039 2898; x_wconf 84' lang='lat' dir='ltr'><strong>statuta</strong></span> <span class='ocrx_word' id='word_1_185' title='bbox 1052 2850 1130 2909; x_wconf 81' lang='lat' dir='ltr'><strong>venit,</strong></span> <span class='ocrx_word' id='word_1_186' title='bbox 1144 2850 1196 2910; x_wconf 27' lang='lat' dir='ltr'><strong>,sed</strong></span> <span class='ocrx_word' id='word_1_187' title='bbox 1212 2850 1325 2910; x_wconf 85' lang='lat' dir='ltr'><strong>impaca-</strong></span> 
     </span>
     <span class='ocr_line' id='line_1_27' title="bbox 374 2916 1326 2967; baseline 0.001 -3"><span class='ocrx_word' id='word_1_188' title='bbox 374 2923 514 2965; x_wconf 85' lang='lat' dir='ltr'><strong>moraretur</strong></span> <span class='ocrx_word' id='word_1_189' title='bbox 543 2917 677 2966; x_wconf 86' lang='lat' dir='ltr'><strong>ecclesiam</strong></span> <span class='ocrx_word' id='word_1_190' title='bbox 705 2916 736 2965; x_wconf 87' lang='lat' dir='ltr'><strong>de</strong></span> <span class='ocrx_word' id='word_1_191' title='bbox 765 2918 837 2966; x_wconf 90' lang='lat' dir='ltr'><strong>Bello</strong></span> <span class='ocrx_word' id='word_1_192' title='bbox 862 2923 903 2967; x_wconf 89' lang='lat' dir='ltr'><strong>tus</strong></span> <span class='ocrx_word' id='word_1_193' title='bbox 926 2919 959 2967; x_wconf 86' lang='lat' dir='ltr'><strong>ab</strong></span> <span class='ocrx_word' id='word_1_194' title='bbox 982 2934 1013 2967; x_wconf 89' lang='lat' dir='ltr'><strong>eo</strong></span> <span class='ocrx_word' id='word_1_195' title='bbox 1032 2919 1148 2967; x_wconf 68' lang='lat' dir='ltr'><strong>recessitl</strong></span> <span class='ocrx_word' id='word_1_196' title='bbox 1183 2917 1275 2966; x_wconf 88' lang='lat' dir='ltr'><strong>Denuo</strong></span> <span class='ocrx_word' id='word_1_197' title='bbox 1298 2919 1326 2965; x_wconf 86' lang='lat' dir='ltr'><strong>in</strong></span> 
     </span>
     <span class='ocr_line' id='line_1_28' title="bbox 374 2985 1327 3048; baseline 0.002 -16"><span class='ocrx_word' id='word_1_198' title='bbox 374 2986 488 3034; x_wconf 90' lang='lat' dir='ltr'><strong>dedicari</strong></span> <span class='ocrx_word' id='word_1_199' title='bbox 498 2986 568 3035; x_wconf 83' lang='lat' dir='ltr'><strong>fecit.</strong></span> <span class='ocrx_word' id='word_1_200' title='bbox 605 2985 837 3048; x_wconf 82' lang='lat' dir='ltr'><strong>[Hocanuorene-</strong></span> <span class='ocrx_word' id='word_1_201' title='bbox 863 2987 960 3048; x_wconf 83' lang='lat' dir='ltr'><strong>Campo</strong></span> <span class='ocrx_word' id='word_1_202' title='bbox 983 2988 1078 3035; x_wconf 87' lang='lat' dir='ltr'><strong>Martio</strong></span> <span class='ocrx_word' id='word_1_203' title='bbox 1106 3001 1253 3047; x_wconf 86' lang='lat' dir='ltr'><strong>convenere,</strong></span> <span class='ocrx_word' id='word_1_204' title='bbox 1280 2987 1327 3034; x_wconf 90' lang='lat' dir='ltr'><strong>ubi</strong></span> 
     </span>
     <span class='ocr_line' id='line_1_29' title="bbox 374 3055 1326 3117; baseline 0.002 -15"><span class='ocrx_word' id='word_1_205' title='bbox 374 3055 462 3103; x_wconf 87' lang='lat' dir='ltr'><strong>rabilis</strong></span> <span class='ocrx_word' id='word_1_206' title='bbox 471 3055 623 3117; x_wconf 77' lang='lat' dir='ltr'><strong>lietbertus,</strong></span> <span class='ocrx_word' id='word_1_207' title='bbox 633 3055 837 3104; x_wconf 81' lang='lat' dir='ltr'><strong>Theotiordensis</strong></span> <span class='ocrx_word' id='word_1_208' title='bbox 861 3058 900 3104; x_wconf 90' lang='lat' dir='ltr'><strong>illi</strong></span> <span class='ocrx_word' id='word_1_209' title='bbox 913 3058 958 3116; x_wconf 90' lang='lat' dir='ltr'><strong>qui</strong></span> <span class='ocrx_word' id='word_1_210' title='bbox 974 3056 1137 3106; x_wconf 85' lang='lat' dir='ltr'><strong>sacramentis</strong></span> <span class='ocrx_word' id='word_1_211' title='bbox 1153 3057 1219 3104; x_wconf 87' lang='lat' dir='ltr'><strong>inter</strong></span> <span class='ocrx_word' id='word_1_212' title='bbox 1234 3070 1262 3104; x_wconf 83' lang='lat' dir='ltr'><strong>aa</strong></span> <span class='ocrx_word' id='word_1_213' title='bbox 1279 3070 1326 3116; x_wconf 86' lang='lat' dir='ltr'><strong>pa-</strong></span> 
     </span>
     <span class='ocr_line' id='line_1_30' title="bbox 375 3125 1324 3186; baseline 0.001 -15"><span class='ocrx_word' id='word_1_214' title='bbox 375 3125 519 3184; x_wconf 87' lang='lat' dir='ltr'><strong>episcopus,</strong></span> <span class='ocrx_word' id='word_1_215' title='bbox 532 3139 547 3172; x_wconf 89' lang='lat' dir='ltr'><strong>a</strong></span> <span class='ocrx_word' id='word_1_216' title='bbox 559 3125 640 3172; x_wconf 88' lang='lat' dir='ltr'><strong>Roma</strong></span> <span class='ocrx_word' id='word_1_217' title='bbox 657 3139 715 3172; x_wconf 89' lang='lat' dir='ltr'><strong>cum</strong></span> <span class='ocrx_word' id='word_1_218' title='bbox 735 3125 837 3173; x_wconf 89' lang='lat' dir='ltr'><strong>benedi·</strong></span> <span class='ocrx_word' id='word_1_219' title='bbox 863 3140 916 3174; x_wconf 83' lang='lat' dir='ltr'><strong>cem</strong></span> <span class='ocrx_word' id='word_1_220' title='bbox 940 3126 1126 3184; x_wconf 83' lang='lat' dir='ltr'><strong>confirmavere,</strong></span> <span class='ocrx_word' id='word_1_221' title='bbox 1145 3125 1199 3186; x_wconf 85' lang='lat' dir='ltr'><strong>regi</strong></span> <span class='ocrx_word' id='word_1_222' title='bbox 1221 3125 1324 3185; x_wconf 84' lang='lat' dir='ltr'><strong>culpam</strong></span> 
     </span>
     <span class='ocr_line' id='line_1_31' title="bbox 375 3193 1325 3254; baseline 0.001 -14"><span class='ocrx_word' id='word_1_223' title='bbox 375 3193 457 3241; x_wconf 84' lang='lat' dir='ltr'><strong>ctione</strong></span> <span class='ocrx_word' id='word_1_224' title='bbox 485 3194 626 3253; x_wconf 86' lang='lat' dir='ltr'><strong>apostolica</strong></span> <span class='ocrx_word' id='word_1_225' title='bbox 652 3194 747 3243; x_wconf 89' lang='lat' dir='ltr'><strong>rediit:</strong></span> <span class='ocrx_word' id='word_1_226' title='bbox 774 3198 799 3241; x_wconf 90' lang='lat' dir='ltr'><strong>et</strong></span> <span class='ocrx_word' id='word_1_227' title='bbox 822 3207 838 3240; x_wconf 85' lang='lat' dir='ltr'><strong>a</strong></span> <span class='ocrx_word' id='word_1_228' title='bbox 863 3209 959 3242; x_wconf 88' lang='lat' dir='ltr'><strong>omnem</strong></span> <span class='ocrx_word' id='word_1_229' title='bbox 979 3195 1138 3254; x_wconf 83' lang='lat' dir='ltr'><strong>imposuere:</strong></span> <span class='ocrx_word' id='word_1_230' title='bbox 1163 3198 1190 3240; x_wconf 89' lang='lat' dir='ltr'><strong>at</strong></span> <span class='ocrx_word' id='word_1_231' title='bbox 1208 3193 1251 3242; x_wconf 84' lang='lat' dir='ltr'><strong>ille</strong></span> <span class='ocrx_word' id='word_1_232' title='bbox 1269 3194 1325 3241; x_wconf 89' lang='lat' dir='ltr'><strong>cul·</strong></span> 
     </span>
     <span class='ocr_line' id='line_1_32' title="bbox 376 3261 1323 3326; baseline 0.002 -19"><span class='ocrx_word' id='word_1_233' title='bbox 376 3261 505 3309; x_wconf 86' lang='lat' dir='ltr'><strong>Willelmo</strong></span> <span class='ocrx_word' id='word_1_234' title='bbox 521 3276 581 3322; x_wconf 86' lang='lat' dir='ltr'><strong>rege</strong></span> <span class='ocrx_word' id='word_1_235' title='bbox 595 3263 741 3322; x_wconf 85' lang='lat' dir='ltr'><strong>impetravit</strong></span> <span class='ocrx_word' id='word_1_236' title='bbox 755 3267 784 3309; x_wconf 89' lang='lat' dir='ltr'><strong>ut</strong></span> <span class='ocrx_word' id='word_1_237' title='bbox 799 3277 838 3310; x_wconf 86' lang='lat' dir='ltr'><strong>se·</strong></span> <span class='ocrx_word' id='word_1_238' title='bbox 863 3278 921 3324; x_wconf 87' lang='lat' dir='ltr'><strong>pam</strong></span> <span class='ocrx_word' id='word_1_239' title='bbox 933 3278 979 3312; x_wconf 88' lang='lat' dir='ltr'><strong>nec</strong></span> <span class='ocrx_word' id='word_1_240' title='bbox 991 3277 1136 3326; x_wconf 82' lang='lat' dir='ltr'><strong>agnoscere,</strong></span> <span class='ocrx_word' id='word_1_241' title='bbox 1153 3276 1199 3310; x_wconf 89' lang='lat' dir='ltr'><strong>nec</strong></span> <span class='ocrx_word' id='word_1_242' title='bbox 1217 3277 1323 3311; x_wconf 82' lang='lat' dir='ltr'><strong>conven-</strong></span> 
     </span>
     <span class='ocr_line' id='line_1_33' title="bbox 374 3331 1324 3392; baseline 0.003 -15"><span class='ocrx_word' id='word_1_243' title='bbox 374 3331 420 3378; x_wconf 84' lang='lat' dir='ltr'><strong>des</strong></span> <span class='ocrx_word' id='word_1_244' title='bbox 443 3332 596 3391; x_wconf 86' lang='lat' dir='ltr'><strong>episcopalis</strong></span> <span class='ocrx_word' id='word_1_245' title='bbox 621 3333 648 3378; x_wconf 91' lang='lat' dir='ltr'><strong>in</strong></span> <span class='ocrx_word' id='word_1_246' title='bbox 677 3331 837 3380; x_wconf 86' lang='lat' dir='ltr'><strong>Norwicensi</strong></span> <span class='ocrx_word' id='word_1_247' title='bbox 862 3332 1203 3392; x_wconf 85' lang='lat' dir='ltr'><strong>tionemvoluitpersolvere.</strong></span> <span class='ocrx_word' id='word_1_248' title='bbox 1226 3331 1324 3380; x_wconf 86' lang='lat' dir='ltr'><strong>Icc&#39;irco</strong></span> 
     </span>
     <span class='ocr_line' id='line_1_34' title="bbox 375 3399 1324 3461; baseline 0.001 -15"><span class='ocrx_word' id='word_1_249' title='bbox 375 3399 484 3446; x_wconf 85' lang='lat' dir='ltr'><strong>ecclesia</strong></span> <span class='ocrx_word' id='word_1_250' title='bbox 515 3401 665 3461; x_wconf 87' lang='lat' dir='ltr'><strong>firmaretur,</strong></span> <span class='ocrx_word' id='word_1_251' title='bbox 699 3401 744 3447; x_wconf 88' lang='lat' dir='ltr'><strong>ubi</strong></span> <span class='ocrx_word' id='word_1_252' title='bbox 773 3401 837 3461; x_wconf 89' lang='lat' dir='ltr'><strong>ipse,</strong></span> <span class='ocrx_word' id='word_1_253' title='bbox 862 3403 938 3450; x_wconf 88' lang='lat' dir='ltr'><strong>nimis</strong></span> <span class='ocrx_word' id='word_1_254' title='bbox 965 3401 1025 3448; x_wconf 86' lang='lat' dir='ltr'><strong>irati</strong></span> <span class='ocrx_word' id='word_1_255' title='bbox 1051 3401 1223 3448; x_wconf 87' lang='lat' dir='ltr'><strong>discesserunt</strong></span> <span class='ocrx_word' id='word_1_256' title='bbox 1243 3401 1324 3461; x_wconf 88' lang='lat' dir='ltr'><strong>impa-</strong></span> 
     </span>
     <span class='ocr_line' id='line_1_35' title="bbox 375 3466 931 3529; baseline 0.007 -15"><span class='ocrx_word' id='word_1_257' title='bbox 375 3466 470 3514; x_wconf 88' lang='lat' dir='ltr'><strong>Cbristi</strong></span> <span class='ocrx_word' id='word_1_258' title='bbox 486 3470 593 3528; x_wconf 83' lang='lat' dir='ltr'><strong>jurante</strong></span> <span class='ocrx_word' id='word_1_259' title='bbox 614 3470 706 3529; x_wconf 87' lang='lat' dir='ltr'><strong>gratia,</strong></span> <span class='ocrx_word' id='word_1_260' title='bbox 722 3469 838 3528; x_wconf 85' lang='lat' dir='ltr'><strong>pulcher·</strong></span> <span class='ocrx_word' id='word_1_261' title='bbox 863 3470 931 3519; x_wconf 68' lang='lat' dir='ltr'><strong>cati!</strong></span> 
     </span>
    </p>

    <p class='ocr_par' dir='ltr' id='par_1_5' title="bbox 374 3534 1326 3668">
     <span class='ocr_line' id='line_1_36' title="bbox 374 3534 1326 3600; baseline 0.004 -18"><span class='ocrx_word' id='word_1_262' title='bbox 374 3536 462 3582; x_wconf 87' lang='lat' dir='ltr'><strong>rimam</strong></span> <span class='ocrx_word' id='word_1_263' title='bbox 474 3539 692 3598; x_wconf 82' lang='lat' dir='ltr'><strong>congregationem</strong></span> <span class='ocrx_word' id='word_1_264' title='bbox 708 3537 837 3584; x_wconf 88' lang='lat' dir='ltr'><strong>monacho·</strong></span> <span class='ocrx_word' id='word_1_265' title='bbox 900 3534 906 3564; x_wconf 94' lang='lat'>¹</span> <span class='ocrx_word' id='word_1_266' title='bbox 924 3538 1090 3599; x_wconf 67' lang='lat' dir='ltr'><strong>argentinum</strong></span> <span class='ocrx_word' id='word_1_267' title='bbox 1109 3536 1253 3600; x_wconf 72' lang='lat' dir='ltr'><strong>castellum]</strong></span> <span class='ocrx_word' id='word_1_268' title='bbox 1275 3538 1326 3586; x_wconf 85' lang='lat' dir='ltr'><strong>Ar·</strong></span> 
     </span>
     <span class='ocr_line' id='line_1_37' title="bbox 374 3605 1143 3668; baseline 0.005 -18"><span class='ocrx_word' id='word_1_269' title='bbox 374 3618 439 3664; x_wconf 90' lang='lat' dir='ltr'><strong>rum,</strong></span> <span class='ocrx_word' id='word_1_270' title='bbox 455 3605 488 3650; x_wconf 89' lang='lat' dir='ltr'><strong>ad</strong></span> <span class='ocrx_word' id='word_1_271' title='bbox 505 3605 624 3653; x_wconf 85' lang='lat' dir='ltr'><strong>honorem</strong></span> <span class='ocrx_word' id='word_1_272' title='bbox 640 3606 741 3654; x_wconf 74' lang='lat' dir='ltr'><strong>Sancta)</strong></span> <span class='ocrx_word' id='word_1_273' title='bbox 755 3606 837 3653; x_wconf 85' lang='lat' dir='ltr'><strong>Trini·</strong></span> <span class='ocrx_word' id='word_1_274' title='bbox 864 3611 956 3668; x_wconf 83' lang='lat' dir='ltr'><strong>gentan</strong></span> <span class='ocrx_word' id='word_1_275' title='bbox 967 3622 999 3655; x_wconf 91' lang='lat' dir='ltr'><strong>on</strong></span> <span class='ocrx_word' id='word_1_276' title='bbox 1010 3607 1052 3656; x_wconf 88' lang='lat' dir='ltr'><strong>the</strong></span> <span class='ocrx_word' id='word_1_277' title='bbox 1065 3606 1143 3654; x_wconf 87' lang='lat' dir='ltr'><strong>Ome.</strong></span> 
     </span>
    </p>
   </div>
   <div class='ocr_carea' id='block_1_5' title="bbox 372 3751 1327 4159">
    <p class='ocr_par' dir='ltr' id='par_1_6' title="bbox 372 3751 1327 4159">
     <span class='ocr_line' id='line_1_38' title="bbox 408 3751 1326 3817; baseline 0.007 -19"><span class='ocrx_word' id='word_1_278' title='bbox 408 3751 559 3799; x_wconf 82' lang='lat' dir='ltr'><strong>⁸Hocanno</strong></span> <span class='ocrx_word' id='word_1_279' title='bbox 573 3751 762 3813; x_wconf 68' lang='lat' dir='ltr'><strong>...adunavitJ</strong></span> <span class='ocrx_word' id='word_1_280' title='bbox 783 3755 835 3802; x_wconf 91' lang='lat' dir='ltr'><strong>Ubi</strong></span> <span class='ocrx_word' id='word_1_281' title='bbox 862 3757 921 3803; x_wconf 86' lang='lat' dir='ltr'><strong>tiam</strong></span> <span class='ocrx_word' id='word_1_282' title='bbox 947 3770 1023 3817; x_wconf 87' lang='lat' dir='ltr'><strong>quam</strong></span> <span class='ocrx_word' id='word_1_283' title='bbox 1047 3756 1113 3816; x_wconf 88' lang='lat' dir='ltr'><strong>patri</strong></span> <span class='ocrx_word' id='word_1_284' title='bbox 1140 3769 1187 3803; x_wconf 91' lang='lat' dir='ltr'><strong>suo</strong></span> <span class='ocrx_word' id='word_1_285' title='bbox 1206 3755 1326 3804; x_wconf 75' lang='lat' dir='ltr'><strong>lictberto</strong></span> 
     </span>
     <span class='ocr_line' id='line_1_39' title="bbox 373 3820 1326 3887; baseline 0.006 -21"><span class='ocrx_word' id='word_1_286' title='bbox 373 3820 449 3867; x_wconf 85' lang='lat' dir='ltr'><strong>etiam</strong></span> <span class='ocrx_word' id='word_1_287' title='bbox 465 3821 643 3884; x_wconf 82' lang='lat' dir='ltr'><strong>Herebertum‚</strong></span> <span class='ocrx_word' id='word_1_288' title='bbox 658 3823 837 3872; x_wconf 85' lang='lat' dir='ltr'><strong>Theotsorden-</strong></span> <span class='ocrx_word' id='word_1_289' title='bbox 863 3826 894 3872; x_wconf 87' lang='lat' dir='ltr'><strong>ab</strong></span> <span class='ocrx_word' id='word_1_290' title='bbox 912 3827 969 3886; x_wconf 89' lang='lat' dir='ltr'><strong>ipso</strong></span> <span class='ocrx_word' id='word_1_291' title='bbox 986 3839 1045 3887; x_wconf 87' lang='lat' dir='ltr'><strong>rege</strong></span> <span class='ocrx_word' id='word_1_292' title='bbox 1060 3824 1187 3873; x_wconf 88' lang='lat' dir='ltr'><strong>Willelmo</strong></span> <span class='ocrx_word' id='word_1_293' title='bbox 1205 3825 1275 3872; x_wconf 88' lang='lat' dir='ltr'><strong>mille</strong></span> <span class='ocrx_word' id='word_1_294' title='bbox 1294 3825 1326 3872; x_wconf 90' lang='lat' dir='ltr'><strong>li-</strong></span> 
     </span>
     <span class='ocr_line' id='line_1_40' title="bbox 373 3891 1327 3954; baseline 0.006 -18"><span class='ocrx_word' id='word_1_295' title='bbox 373 3902 426 3937; x_wconf 87' lang='lat' dir='ltr'><strong>sem</strong></span> <span class='ocrx_word' id='word_1_296' title='bbox 438 3891 594 3951; x_wconf 87' lang='lat' dir='ltr'><strong>episcopum,</strong></span> <span class='ocrx_word' id='word_1_297' title='bbox 609 3893 730 3952; x_wconf 85' lang='lat' dir='ltr'><strong>pastorali</strong></span> <span class='ocrx_word' id='word_1_298' title='bbox 745 3893 836 3941; x_wconf 88' lang='lat' dir='ltr'><strong>baculo</strong></span> <span class='ocrx_word' id='word_1_299' title='bbox 862 3895 914 3942; x_wconf 86' lang='lat' dir='ltr'><strong>bris</strong></span> <span class='ocrx_word' id='word_1_300' title='bbox 934 3899 1038 3953; x_wconf 84' lang='lat' dir='ltr'><strong>emerat,</strong></span> <span class='ocrx_word' id='word_1_301' title='bbox 1056 3895 1238 3943; x_wconf 78' lang='lat' dir='ltr'><strong>absolutionem</strong></span> <span class='ocrx_word' id='word_1_302' title='bbox 1256 3909 1327 3954; x_wconf 84' lang='lat' dir='ltr'><strong>quae·</strong></span> 
     </span>
     <span class='ocr_line' id='line_1_41' title="bbox 373 3960 1325 4022; baseline 0.007 -19"><span class='ocrx_word' id='word_1_303' title='bbox 373 3960 490 4016; x_wconf 84' lang='lat' dir='ltr'><strong>privavit.</strong></span> <span class='ocrx_word' id='word_1_304' title='bbox 528 3961 647 4009; x_wconf 87' lang='lat' dir='ltr'><strong>Latenter</strong></span> <span class='ocrx_word' id='word_1_305' title='bbox 665 3963 731 4010; x_wconf 91' lang='lat' dir='ltr'><strong>enim</strong></span> <span class='ocrx_word' id='word_1_306' title='bbox 754 3962 836 4010; x_wconf 88' lang='lat' dir='ltr'><strong>Urba·</strong></span> <span class='ocrx_word' id='word_1_307' title='bbox 862 3979 916 4012; x_wconf 80' lang='lat' dir='ltr'><strong>rere</strong></span> <span class='ocrx_word' id='word_1_308' title='bbox 931 3964 1021 4012; x_wconf 83' lang='lat' dir='ltr'><strong>voluit.</strong></span> <span class='ocrx_word' id='word_1_309' title='bbox 1039 3963 1078 4022; x_wconf 62' lang='lat' dir='ltr'><strong>Ia,</strong></span> <span class='ocrx_word' id='word_1_310' title='bbox 1089 3962 1173 4011; x_wconf 85' lang='lat' dir='ltr'><strong>which</strong></span> <span class='ocrx_word' id='word_1_311' title='bbox 1192 3975 1220 4009; x_wconf 84' lang='lat' dir='ltr'><strong>as</strong></span> <span class='ocrx_word' id='word_1_312' title='bbox 1237 3965 1265 4009; x_wconf 90' lang='lat' dir='ltr'><strong>to</strong></span> <span class='ocrx_word' id='word_1_313' title='bbox 1283 3962 1325 4010; x_wconf 85' lang='lat' dir='ltr'><strong>the</strong></span> 
     </span>
     <span class='ocr_line' id='line_1_42' title="bbox 373 4030 1130 4094; baseline 0.008 -22"><span class='ocrx_word' id='word_1_314' title='bbox 373 4039 432 4072; x_wconf 90' lang='lat' dir='ltr'><strong>num</strong></span> <span class='ocrx_word' id='word_1_315' title='bbox 450 4042 542 4087; x_wconf 78' lang='lat' dir='ltr'><strong>papam</strong></span> <span class='ocrx_word' id='word_1_316' title='bbox 561 4030 640 4092; x_wconf 85' lang='lat' dir='ltr'><strong>adire,</strong></span> <span class='ocrx_word' id='word_1_317' title='bbox 657 4036 683 4079; x_wconf 92' lang='lat' dir='ltr'><strong>et</strong></span> <span class='ocrx_word' id='word_1_318' title='bbox 694 4032 726 4078; x_wconf 89' lang='lat' dir='ltr'><strong>ab</strong></span> <span class='ocrx_word' id='word_1_319' title='bbox 743 4046 773 4079; x_wconf 90' lang='lat' dir='ltr'><strong>eo</strong></span> <span class='ocrx_word' id='word_1_320' title='bbox 790 4047 836 4092; x_wconf 87' lang='lat' dir='ltr'><strong>pro</strong></span> <span class='ocrx_word' id='word_1_321' title='bbox 861 4038 909 4082; x_wconf 88' lang='lat' dir='ltr'><strong>rest</strong></span> <span class='ocrx_word' id='word_1_322' title='bbox 925 4047 1013 4094; x_wconf 74' lang='lat' dir='ltr'><strong>agrees</strong></span> <span class='ocrx_word' id='word_1_323' title='bbox 1025 4032 1087 4079; x_wconf 81' lang='lat' dir='ltr'><strong>with</strong></span> <span class='ocrx_word' id='word_1_324' title='bbox 1101 4031 1130 4079; x_wconf 88' lang='lat' dir='ltr'><strong>C.</strong></span> 
     </span>
     <span class='ocr_line' id='line_1_43' title="bbox 372 4095 834 4159; baseline 0.015 -19"><span class='ocrx_word' id='word_1_325' title='bbox 372 4095 520 4155; x_wconf 87' lang='lat' dir='ltr'><strong>episcopatu</strong></span> <span class='ocrx_word' id='word_1_326' title='bbox 544 4113 617 4156; x_wconf 86' lang='lat' dir='ltr'><strong>quem</strong></span> <span class='ocrx_word' id='word_1_327' title='bbox 637 4101 695 4159; x_wconf 90' lang='lat' dir='ltr'><strong>sibi,</strong></span> <span class='ocrx_word' id='word_1_328' title='bbox 713 4106 738 4148; x_wconf 92' lang='lat' dir='ltr'><strong>et</strong></span> <span class='ocrx_word' id='word_1_329' title='bbox 760 4102 834 4147; x_wconf 86' lang='lat' dir='ltr'><strong>abba·</strong></span> 
     </span>
    </p>
   </div>
   <div class='ocr_carea' id='block_1_6' title="bbox 0 0 1542 4508">
    <p class='ocr_par' dir='ltr' id='par_1_7' title="bbox 0 0 1542 4508">
     <span class='ocr_line' id='line_1_44' title="bbox 0 0 1542 4508; baseline 0 0"><span class='ocrx_word' id='word_1_330' title='bbox 0 0 1542 4508; x_wconf 95' lang='lat' dir='ltr'><strong> </strong></span> 
     </span>
    </p>
   </div>
  </div>
 </body>
</html>
