3074 4508
204 623 274 663 Death
284 622 309 661 et
319 622 356 662 the

206 673 292 712 blalden
303 673 327 711 of
346 693 356 709 a

206 724 306 771 Noreay.

211 1600 282 1639 Deetb
291 1600 315 1639 of

210 1659 281 1697 queen

211 1699 310 1738 Eleanor.

212 2775 281 2813 Pence

212 2825 310 2862 between

212 2873 300 2918 Franco,

212 2920 366 2980 Anagomand

211 3843 258 3881 The
268 3854 332 3891 perce

211 3893 312 3931 violated.

365 336 432 398 244
620 345 869 396 conrruuarro
893 343 1068 392 cunomor

368 509 424 571 cui
445 508 613 573 successit
631 504 828 570 Willelmus
853 504 897 565 de
920 500 1059 574 Sutton,
1076 499 1230 582 ejusdem
1252 500 1321 563 loci

369 608 590 670 camerarius
645 605 860 684 Margareta‚
875 600 947 663 filia
963 598 1044 661 Irici
1057 599 1149 678 regis
1171 597 1320 662 Norwa·

370 707 450 786 giae,
468 713 503 767 et
519 704 744 781 Magneta,
762 700 843 763 filim
858 697 1051 764 Alexandri
1075 697 1167 776 regis
1182 696 1321 773 Scotiae,

370 803 480 865 scrius
494 801 568 862 sine
584 799 721 861 haerede
737 798 779 860 de
790 817 828 860 se
844 798 1011 872 defuncti,
1027 796 1094 877 [et]
1110 795 1322 875 Margaretae

371 899 510 977 reginae,
529 896 610 959 filiae
630 895 775 958 Henrici
799 896 891 974 regis
910 893 1115 974 Anglorum,
1131 900 1167 955 et
1191 895 1321 957 sororis

373 994 560 1059 Eadwardi
576 994 680 1074 regis,
698 991 854 1074 ejusdem
877 991 968 1072 regis
987 992 1060 1067 lilii,
1075 991 1140 1066 cui,
1157 997 1322 1072 tanquam

373 1093 599 1176 propinquior
621 1092 803 1171 sanguine,
819 1091 916 1171 regni
932 1088 1059 1153 Scotiae
1070 1089 1130 1170 jus
1150 1097 1323 1169 compete·

373 1194 434 1254 bat
460 1191 738 1262 haereditarium,
764 1207 843 1268 quae
870 1189 987 1263 etiam,
1010 1188 1324 1268 dispensationem

374 1290 469 1353 curia
485 1289 647 1353 Romana
664 1288 738 1369 jam
756 1286 960 1367 praehabita,
980 1285 1187 1360 Eadwardo,
1202 1305 1324 1367 supra·

375 1388 458 1451 dicti
473 1387 566 1467 regis
584 1384 771 1448 Eadwardi
794 1384 875 1458 lilio,
896 1384 1042 1465 nuptiali
1064 1383 1192 1446 foedere
1208 1402 1247 1446 se
1264 1403 1325 1465 pa·

375 1489 517 1549 rabatur
550 1485 657 1547 fuisse
688 1484 895 1564 copulanda,
925 1483 959 1544 in
994 1483 1107 1545 insula
1143 1480 1326 1564 Orkeneya

375 1585 584 1664 defungitur.
640 1581 820 1656 Alienora,
847 1582 970 1661 regina
1006 1580 1157 1662 Angliae,
1198 1580 1327 1643 domini

376 1683 466 1760 regis
484 1698 637 1753 consors,
659 1695 707 1740 ιν.
727 1679 796 1740 kal.
815 1679 979 1740 Decemb.
1008 1675 1067 1760 [28
1091 1675 1217 1762 Nov.],
1232 1679 1325 1759 apud

376 1778 556 1858 Herdeby,
566 1778 602 1838 in
614 1776 781 1838 comitatu
797 1775 1041 1851 Lincolnieusi,
1051 1776 1132 1838 vitae
1145 1776 1326 1839 terminum

375 1875 475 1953 fecit3
500 1874 639 1956 sepulta
655 1881 771 1936 autem
795 1881 848 1937 est
871 1874 965 1955 apud
980 1873 1327 1937 westmonasterium

377 1993 455 2037 cum
486 1980 660 2054 apparatu
689 1972 815 2035 celebri
846 1980 881 2035 et
909 1981 1126 2054 sumptuoso,
1151 1988 1228 2038 xvi.
1257 1971 1327 2037 kal.

376 2072 523 2137 Januar.
559 2067 619 2154 [17
648 2068 763 2154 Dec.].
828 2068 908 2146 Quo
934 2071 1039 2147 facto,
1071 2071 1231 2133 dominus
1264 2090 1328 2134 rex

376 2188 496 2232 versus
522 2167 723 2250 Ayisrigge,
746 2168 1002 2230 heremitorium
1032 2169 1165 2230 comitis
1192 2167 1327 2231 Cornu·

376 2267 455 2341 biae,
472 2266 508 2328 N
510 2265 603 2329 atale
621 2265 841 2328 Dominicum
858 2265 1093 2328 celebraturus
1110 2265 1263 2329 divertit.

429 2363 540 2426 Facta
568 2369 622 2426 est
647 2362 785 2442 eclipsis
811 2362 905 2425 lunae
931 2379 996 2426 xv.
1023 2361 1093 2425 kal.
1118 2362 1241 2426 Martii
1267 2360 1329 2446 [15

379 2460 490 2542 Feb.].
522 2461 632 2524 Sexto
647 2461 694 2523 id.
716 2459 817 2523 Febr.
834 2461 872 2542 [8
886 2460 1001 2541 Feb.],
1020 2459 1222 2538 Londoniae,
1237 2463 1330 2526 circa

376 2559 496 2622 horam
523 2559 682 2640 primam,
707 2559 825 2621 subito
851 2567 886 2621 et
914 2560 1090 2640 inopinate
1115 2560 1264 2623 intonuit
1286 2559 1330 2624 de

377 2657 465 2720 coelo
489 2657 661 2720 Dominus
683 2664 756 2718 tam
773 2656 941 2719 violenter
963 2665 999 2720 et
1021 2658 1143 2719 acerbe
1158 2659 1251 2738 quod
1266 2676 1330 2720 au·

376 2754 542 2816 dientium
557 2754 663 2816 corda
680 2753 884 2816 mirabiliter
895 2761 977 2816 sunt
993 2755 1187 2836 perterrita.
1234 2755 1332 2819 Inter

378 2851 557 2914 ecclesiam
584 2851 782 2915 Romanam
806 2858 842 2914 et
861 2851 1045 2927 Karolum,
1059 2872 1175 2933 regem
1191 2853 1331 2928 Siciliae,

283 2997 289 3009 .
379 2969 425 3012 ex
448 2969 519 3012 una
543 2958 656 3031 parte,
672 2958 708 3012 et
733 2948 890 3024 Petrum,
908 2969 1026 3030 regem
1044 2948 1261 3031 Arragoniae,
1284 2971 1329 3015 ex

379 3048 509 3123 altera;
534 3067 650 3128 regem
677 3048 836 3110 Franciae
862 3067 907 3111 ex
934 3069 1005 3110 una
1023 3055 1133 3128 parte,
1156 3056 1193 3111 et
1213 3068 1329 3129 regem

380 3144 587 3224 Arragoniae
610 3164 654 3208 ex
678 3145 810 3223 altera;
834 3146 929 3221 item,
953 3166 1069 3226 regem
1106 3145 1261 3209 Franciae
1283 3167 1329 3211 ex

379 3262 448 3305 una
465 3252 577 3323 parte,
596 3252 630 3306 et
654 3261 769 3321 regem
799 3243 983 3325 Hispaniae
1007 3263 1052 3306 ex
1075 3245 1198 3319 altera,
1215 3244 1330 3308 multi·

378 3342 487 3403 modis
521 3341 668 3414 damniS,
699 3340 850 3403 caedibus
887 3350 921 3405 et
954 3342 1223 3417 calamitatibus,
1252 3343 1331 3406 hinc

377 3438 454 3501 inde
486 3439 774 3519 praecedentibus,
804 3458 887 3520 rege
922 3440 1094 3521 praecipue
1119 3439 1258 3520 Angliae
1293 3460 1331 3504 se

376 3536 637 3610 intermittente,
652 3544 687 3597 et
713 3537 858 3598 nuncios
889 3554 972 3598 suos
1001 3537 1184 3600 sollemnes
1203 3539 1246 3601 ad
1268 3557 1331 3618 pa·

377 3652 450 3695 cem
465 3633 720 3713 procurandam
737 3641 772 3696 et
788 3634 1003 3696 formandam
1018 3635 1062 3697 ad
1077 3645 1196 3715 partes
1217 3644 1329 3699 trans·

376 3732 527 3794 marinas
543 3733 812 3808 transmittente,
830 3751 900 3813 pax
919 3741 954 3795 et
969 3733 1153 3796 concordia
1168 3734 1263 3798 facta
1278 3742 1332 3797 est

376 3837 411 3891 et
424 3830 637 3893 confirmata.
692 3829 782 3907 Quae
806 3837 923 3893 tamen
949 3832 1045 3893 brevi
1061 3839 1141 3912 post
1165 3840 1332 3913 tempore,

377 3927 482 3990 Petro
510 3928 671 3990 videlicet
698 3928 906 4006 Arragoniae
936 3948 1018 4008 rege
1045 3937 1194 4004 mortuo,
1224 3928 1331 3992 Jaco-

375 4025 499 4104 boque,
516 4026 622 4088 fratre
644 4044 721 4101 suo,
747 4045 893 4105 regnum
911 4027 1038 4089 Siciliae
1061 4028 1207 4090 viriliter
1229 4045 1331 4089 occu-
