3074 4508
342 327 407 389 ‘204
593 345 856 395 conrrnuarno
880 346 1052 395 onnoruor

345 501 572 582 persolveret,
587 503 689 567 dictae
706 512 806 566 terrae
825 502 1008 565 Eadwardi
1030 510 1194 584 perpetuo
1218 499 1291 580 regi

348 599 506 663 Francia)
539 610 777 680 remanerent3
819 610 853 664 et
886 602 968 683 quia
1003 619 1070 663 una
1103 618 1178 662 cum
1209 616 1293 677 rege

348 698 507 761 Francioe
546 700 822 779 proficisceretur
864 701 899 763 in
936 700 1080 763 Terram
1119 696 1293 773 Sanctam,

347 795 457 858 eidem
488 797 574 876 regi,
603 800 703 876 quasi
736 818 825 862 unus
854 800 897 862 de
924 798 1070 881 propriis
1095 795 1292 869 baronibus,

347 892 495 955 fideliter
533 895 845 977 obtemperaturus.
919 896 1031 978 Super
1076 913 1144 975 quo
1184 892 1293 956 filium

347 1009 459 1064 suum,
497 989 691 1055 Henricum
729 995 877 1069 nomine,
908 995 1002 1056 misit
1035 992 1195 1066 obsidem,
1233 991 1293 1073 qui

294 1140 297 1145 .
348 1088 479 1164 statim,
495 1108 565 1170 qua
580 1091 733 1153 nescitur
747 1090 790 1154 de
805 1109 921 1164 causa,
939 1087 1197 1154 remittebatur.²

399 1184 535 1250 Civitas
559 1188 602 1250 dc
620 1187 785 1252 Nuchera
807 1189 942 1252 reddita
965 1189 1030 1252 fuit
1052 1188 1195 1262 Karoio,
1216 1187 1291 1269 regi

347 1284 485 1361 Siciliae,
514 1286 634 1367 vigilia
661 1286 779 1352 Sancti
804 1287 1050 1351 Bartholomaei
1077 1281 1139 1372 [23
1165 1279 1291 1372 Aug.].

348 1383 389 1446 In
424 1402 494 1464 qua
532 1392 631 1449 erant
660 1386 736 1449 neci
769 1386 899 1450 tradita
930 1381 984 1450 ΙΤΙ.
1016 1384 1293 1460 Sarracenornm,

348 1483 483 1563 reliqna
510 1482 728 1548 multitudiue
759 1486 794 1548 in
824 1486 965 1549 civitate
988 1485 1051 1547 sub
1083 1485 1210 1547 tributo
1239 1502 1293 1546 re-

349 1590 524 1644 manente.
577 1581 768 1645 Justitiarii
796 1585 998 1647 itinerantes
1033 1585 1065 1646 in
1094 1582 1228 1646 Norfoi.
1256 1589 1292 1644 et

349 1677 469 1740 Suss'ol.
493 1679 634 1741 fuerunt
650 1680 843 1742 Nicholaus
864 1682 906 1744 de
922 1681 1036 1756 Turri,
1055 1682 1226 1743 Henricus
1248 1680 1291 1741 de

350 1775 584 1851 Monte-sorti,
604 1785 638 1839 et
656 1777 832 1840 Henricus
849 1778 891 1840 de
905 1778 1117 1841 Wihamton.

196 1887 324 1928 tim-¹²⁷⁰·
400 1872 533 1953 Vigilia
565 1882 600 1937 et
630 1875 686 1938 die
718 1874 917 1939 Palmarum
946 1872 996 1965 [5‚
1020 1876 1042 1939 6
1068 1870 1174 1962 Apa]
1207 1894 1291 1939 cou-

182 1954 315 2042 {iiiia
347 1972 567 2035 venientibus
584 1971 790 2037 Christianis
813 1984 848 2038 et
866 1975 1011 2057 paganis
1032 1975 1121 2037 iuter
1136 1974 1236 2039 Acon
1257 1981 1293 2037 et

183 2052 300 2141 {if,‘.³,¹¹¹¹*
350 2068 522 2152 Saphran,
556 2072 656 2134 caesis
686 2073 797 2155 primo
829 2081 909 2137 octo
933 2070 1135 2148 admiratis,²
1157 2091 1290 2135 necnon

347 2188 565 2248 paganorum
596 2186 704 2234 xvru.
737 2171 889 2247 aciebus,
924 2189 993 2234 non
1034 2171 1107 2232 sine
1140 2170 1293 2232 maxima

345 2284 487 2329 suorum
518 2268 716 2343 amissione,
748 2269 895 2331 victoria
928 2274 1043 2330 tamen
1076 2267 1178 2348 potiti
1211 2275 1293 2331 sunt

345 2365 486 2444 pagani.
540 2363 633 2428 Caesi
661 2373 743 2429 sunt
769 2364 959 2429 Christiani
986 2366 1159 2445 usquead
1184 2365 1292 2430 inter-

354 2464 544 2540 necionem,
561 2472 597 2526 ot
617 2464 683 2527 hoc
697 2484 760 2546 per
785 2465 989 2527 seditionem
1006 2462 1292 2551 Templariorum,

349 2561 407 2623 ubi
421 2561 526 2625 etiam
545 2562 671 2626 cecidit
690 2564 754 2626 flos
772 2563 918 2638 militiae,
932 2562 1041 2625 frater
1054 2560 1077 2623 J
1079 2560 1232 2625 ohannes
1249 2562 1292 2625 de

346 2657 514 2723 Meriana
529 2659 571 2722 de
588 2660 776 2742 Hospitali.
1058 2731 1062 2737 ⁴

180 2769 299 2809 Lernlx·
400 2757 621 2834 Lodowicus,
646 2778 709 2821 rex
739 2759 908 2836 Franciae,
936 2775 1026 2824 xvn.
1059 2757 1128 2821 kal.
1160 2756 1292 2840 Aprilis

181 2820 266 2867 departs
276 2820 308 2858 ior

181 2869 285 2917 thenon
350 2848 413 2940 [16
430 2849 543 2941 Man]
568 2857 636 2919 iter
660 2857 807 2939 arripuit
828 2877 948 2921 vorsus
973 2865 1099 2921 terram
1127 2844 1293 2920 Hieroso·

181 2917 248 2955 Laud.

181 2966 321 3006 amarunt
347 2952 573 3033 lymitanam3
613 2956 673 3035 qui
705 2955 760 3018 die
788 2955 821 3018 S.
846 2956 971 3020 Jacobi
997 2953 1059 3044 [25
1081 2949 1173 3041 sui]
1199 2954 1293 3036 apud

182 3015 274 3063 Aigues·

182 3065 273 3104 morte·-
349 3049 486 3131 Aquam
499 3052 679 3116 Mortuam
698 3054 785 3115 mari
800 3073 837 3116 se
849 3054 1020 3117 commisit
1030 3052 1293 3116 Mediterranea.

181 3161 303 3202 natuerat
350 3147 394 3210 Iu
421 3156 536 3214 octav.
562 3150 599 3213 S.
623 3150 647 3213 J
650 3151 795 3215 ohannis
816 3146 856 3237 [1
872 3147 964 3238 sui]
990 3169 1103 3214 comes
1120 3151 1292 3215 Warrenn

181 3211 302 3307 ἓέῗιῗὴιῗὴγ
349 3247 516 3310 insultum
533 3249 664 3312 faciens
680 3250 714 3311 in
728 3249 902 3312 dominum
914 3249 1064 3312 Alanum
1078 3250 1112 3311 la
1124 3249 1245 3326 Sncbe,
1258 3249 1294 3311 in

181 3309 306 3397 iffi&
350 3347 431 3408 aula
442 3346 821 3423 westmonasteriensi,
836 3349 879 3410 ad
895 3349 1043 3411 bancum
1061 3366 1174 3411 coram
1187 3346 1293 3429 justi·

351 3444 584 3526 tiario,ipsum
597 3445 732 3526 quidem
747 3446 1146 3522 crudelitervulneravit;
1167 3445 1225 3526 qui
1238 3444 1294 3507 die

349 3539 383 3602 S.
403 3541 582 3605 Laurentii
603 3539 665 3629 [10
681 3539 796 3630 Aug]
821 3544 912 3606 diem
936 3544 1060 3606 clausit
1090 3550 1293 3606 extremum.

343 3637 459 3701 ,Filius
480 3660 561 3703 vero
577 3642 654 3722 ejus
673 3643 923 3722 primogenitus
943 3641 1102 3722 Rogerus
1124 3641 1206 3722 fuga
1228 3643 1293 3704 sibi

347 3739 543 3814 consulens,
580 3741 639 3801 vix
660 3747 776 3803 tamen
807 3741 928 3804 evasit.
996 3739 1171 3815 Alienora,
1203 3759 1294 3803 uxor

379 3908 387 3939 ¹
402 3913 452 3968 Qui
459 3914 544 3962 statim
553 3948 574 3964 ..
584 3949 590 3962 .
601 3951 607 3964 .
618 3915 807 3978 remittebatur]
871 3911 881 3939 ²
897 3915 1057 3978 Adnuntia]
1079 3916 1146 3963 That
1160 3917 1182 3963 is
1195 3930 1294 3964 nmeers.

342 3983 425 4031 Quem
443 3986 541 4031 remisit
555 3998 600 4032 rex
620 3984 735 4032 Fremciae
749 4000 806 4032 cum
834 3986 882 4034 See
894 3986 938 4034 Du
951 3985 1046 4048 Gange,
1056 4001 1079 4034 o.
1090 3987 1098 4012 ‘
1108 3983 1281 4033 Ammiratus!

342 4051 443 4100 honore.
481 4053 557 4101 Matt.
569 4054 675 4103 Westm.
687 4070 713 4113 p.
725 4059 782 4104 400.
