3074 4508
491 340 683 388 rcoannru
710 339 987 387 wrcoanmnsrs.
1155 327 1219 391 131

265 495 419 575 suscepit
450 496 640 558 dominium
678 503 784 576 atque
820 496 1021 558 hominium.
1073 496 1353 606 Pf⁰fi⁰lgtffi

266 594 376 655 scitur
391 594 468 656 inde
483 613 561 655 curu
587 593 802 656 exultatione
817 613 944 674 magna
961 603 996 658 et
1022 596 1163 675 gaudio,
1182 608 1217 660 et
1228 616 1303 674 ayne

264 691 300 752 in
324 692 533 755 monasterio
560 691 681 754 Sancti
705 692 833 754 Albani
858 713 937 756 cum
967 695 1216 773 processionali
1227 665 1350 754 iiiiii⁰¹

264 790 455 871 suscipitur
485 790 625 864 honore,
655 799 691 853 et
716 790 839 872 jubilo.
891 792 1033 855 Adeunt
1058 811 1134 855 eanr
1166 794 1215 856 ibi

265 888 358 951 cives
386 887 487 950 multi
517 907 562 951 ex
595 887 791 965 Lundonia,
826 897 996 954 tractatur
1026 892 1073 954 ibi
1100 911 1215 955 sermo

265 986 490 1050 multimodus
514 988 556 1049 de
587 987 764 1050 reddenda
788 987 942 1051 civitate.
995 988 1063 1049 His
1092 989 1214 1052 diebus

264 1084 470 1147 horrendum
488 1085 572 1164 quid
593 1084 630 1146 in
648 1085 868 1166 Wigornensi
892 1087 1037 1166 contigit
1057 1087 1212 1164 dioecesi,

264 1184 358 1262 qnod
395 1183 509 1246 relatu
546 1184 689 1263 dignum
721 1184 966 1266 judicavimus.
1033 1185 1211 1266 Siquidem
1224 1215 1378 1255 unanime.

263 1290 389 1360 quarta
404 1282 489 1345 seria
504 1290 585 1344 ante
601 1291 760 1346 octavam
776 1284 1000 1347 Ascensionis
1018 1283 1211 1346 Dominicoe

265 1377 323 1462 [ll
342 1381 459 1467 MaiiJ,
476 1381 569 1444 circa
587 1401 712 1444 nonam
740 1382 806 1443 diei
829 1382 961 1456 horam,
980 1381 1072 1460 apud
1090 1381 1210 1444 villam

262 1498 340 1558 quae
355 1479 588 1541 Walesburna
612 1479 750 1552 dicitnr,
774 1479 907 1541 distans
934 1481 977 1542 ab
1004 1479 1210 1556 Hamtonia,

263 1578 415 1657 episcopi
431 1577 672 1656 Wigomensis
692 1577 784 1652 villa,
811 1579 958 1641 miliario
980 1597 1061 1654 uno,
1082 1590 1210 1641 ventus

263 1677 409 1738 turbinis
422 1676 606 1738 vehemens
616 1685 760 1739 exortus
772 1687 835 1752 est,
848 1684 883 1740 et
893 1677 1006 1754 caligo
1019 1678 1209 1752 teterrima,

262 1776 461 1854 pertingens
480 1795 502 1838 a
518 1784 611 1837 terra
625 1794 735 1856 usqne
750 1775 794 1837 ad
809 1775 947 1847 coelum,
958 1781 994 1835 et
1008 1775 1209 1837 concutiens

262 1872 401 1935 domum
433 1874 636 1954 presbyteri,
674 1873 730 1936 cui
762 1891 885 1935 nomen
924 1871 1134 1945 Leovredus,
1174 1881 1211 1936 et

260 1968 414 2033 officinas
444 1970 532 2051 ejus,
564 1988 684 2032 omnes
717 1969 791 2032 solo
821 1977 922 2032 tenus
952 1972 1144 2050 prostravit
1174 1979 1210 2033 et

178 2148 183 2157 .
261 2068 456 2131 minutatim
493 2067 676 2148 confregit,
715 2073 842 2130 tectum
879 2086 1016 2148 quoque
1052 2068 1209 2130 ecclesiae

261 2167 418 2242 abstulit,
434 2175 469 2230 et
489 2167 583 2229 ultra
598 2166 759 2229 Avonam
781 2165 907 2227 flumen
927 2165 1084 2248 projecit.
1136 2165 1209 2229 Do·

259 2284 336 2328 mus
362 2265 464 2328 etiam
487 2266 696 2327 rusticorum
717 2265 788 2327 fere
813 2282 843 2326 ι..
867 2264 971 2326 simili
993 2265 1095 2327 modo
1118 2263 1206 2346 deji-

259 2362 367 2438 cienS,
382 2362 522 2426 inutiles
536 2362 696 2426 reddidit.
744 2362 887 2426 Grando
908 2381 1046 2443 quoque
1070 2362 1115 2425 ad
1130 2381 1206 2425 ma·

259 2461 473 2539 gnitudinem
489 2461 548 2523 ovi
574 2460 762 2523 columbini
783 2459 918 2536 cecidit,
948 2460 1048 2542 cujus
1078 2460 1205 2522 ictibus

257 2577 425 2638 percussa
446 2559 604 2639 quaedam
631 2558 773 2622 soemina
794 2558 966 2621 occubuit.
1018 2558 1100 2620 Hoc
1116 2558 1205 2633 viso,

258 2658 319 2738 qui
337 2656 511 2720 affuerunt
525 2656 712 2720 admodum
730 2656 885 2719 exterriti
907 2655 1048 2718 suerunt
1065 2664 1100 2718 et
1123 2674 1205 2718 cou-

257 2756 399 2818 turbati.
463 2755 688 2836 Imperatrix,
727 2763 767 2818 ut
802 2753 1041 2835 praediximus,
1085 2753 1205 2816 habito
1219 2770 1329 2859 'stimi‘

257 2860 410 2917 tractatu
420 2873 497 2916 cum
511 2852 822 2928 Lundoniensibus,
833 2853 1078 2915 comitantibus
1087 2870 1206 2914 secum
1218 2831 1336 2910 liniri?

257 2952 463 3031 praesulibus
489 2951 608 3014 multis
632 2959 668 3014 et
692 2950 915 3031 principibus,
940 2968 1062 3012 secura
1083 2968 1209 3029 prope·

256 3051 349 3112 ravit
366 3051 409 3113 ad
432 3051 562 3124 urbem,
586 3057 621 3112 et
643 3049 735 3129 apud
757 3048 1104 3112 westmonasterium
1127 3066 1208 3109 cum

257 3148 504 3229 processionali
520 3148 709 3228 suscipitur
723 3146 997 3220 honorificentia,
1013 3146 1128 3226 ibique
1144 3144 1208 3206 ali-

256 3247 396 3326 quantis
408 3246 528 3308 diebus
546 3246 588 3307 de
603 3246 704 3325 regni
718 3251 814 3307 statu
828 3243 1040 3325 dispositura
1055 3243 1206 3304 resedit:

257 3353 292 3407 et
317 3346 429 3426 primo
453 3343 604 3424 quidem,
630 3343 721 3423 quod
743 3342 869 3417 decuit,
894 3350 1026 3403 sanctae
1048 3340 1117 3406 Dei
1140 3339 1208 3403 Ec-

257 3443 385 3517 clesiae,
406 3443 512 3525 juxta
535 3443 703 3504 bonorum
723 3440 916 3515 consilium,
932 3438 1111 3502 consulere
1126 3456 1207 3517 pro·

256 3542 404 3613 curavit.
467 3541 573 3604 Dedit
610 3540 729 3620 itaque
761 3538 1013 3601 Lundoniensis
1049 3535 1206 3598 ecclesiae
1221 3555 1309 3600 nosen,

257 3637 483 3718 praesulatum
516 3638 653 3701 cuidam
680 3637 895 3717 Radiugensi
925 3634 1105 3707 monacho,
1133 3634 1208 3696 viro
1221 3603 1344 3699 irffaiiigffs

256 3736 457 3809 venerabili,
475 3735 632 3798 Roberto
655 3735 802 3813 nomine,
821 3743 992 3814 praesente
1015 3739 1051 3794 et
1063 3731 1209 3812 jubente
1222 3702 1330 3788 iiiioil'
1341 3699 1365 3739 ‘³‘

255 3833 445 3897 reverendo
476 3834 602 3895 abbate
636 3851 700 3894 suo
734 3831 917 3894 Edwardo.
978 3828 1057 3892 Hoc
1090 3829 1336 3906 itaquestepnenn

254 3940 396 4013 peracto
441 3930 508 3992 Dei
555 3931 708 4009 negotio,
755 3927 991 4008 interpellavit
1036 3925 1210 3988 dominam
1222 3896 1345 3984 iiiiiiii

254 4030 450 4111 Anglorum
480 4029 612 4109 regina,
644 4046 708 4107 pro
744 4027 880 4089 domino
903 4043 967 4087 suo
989 4043 1071 4104 rege
1093 4031 1209 4103 capto,
1223 3994 1343 4083 iiiiii.

1017 4145 1067 4188 x2
