3074 4508
376 311 441 374 146
628 328 873 376 courmurrro
900 329 1072 375 onnomcr

375 487 419 549 de
435 487 629 559 Morevilla‚
655 495 691 551 et
720 488 766 550 ibi
788 486 918 549 tamdiu
941 492 1189 560 remanserunt,
1216 485 1325 548 donec

375 586 463 649 viles
479 587 588 648 babiti
598 586 731 648 fuerant
743 606 762 649 a
774 585 1008 667 compatriotis
1021 583 1114 646 illius
1126 584 1325 664 provinciae.

378 682 507 746 Omnes
535 684 624 746 enim
650 683 787 746 illorum
803 686 959 748 vitabant
984 682 1147 763 alloquia,
1168 701 1231 744 nec
1260 679 1324 742 ali-

375 782 549 860 quiscum
574 781 624 841 eis
648 783 857 845 manducare
872 782 927 845 vel
944 782 1058 844 bibere
1083 780 1204 843 voluit.
1251 777 1324 841 Soli

375 896 460 957 ergo
483 877 741 942 manducabant
756 889 791 943 et
807 880 874 943 soli
887 881 1062 954 bibebant,
1078 887 1113 941 et
1129 877 1325 959 fragmenta

375 975 585 1039 cibariorum
623 994 762 1039 suorum
799 979 940 1040 canibus
975 976 1259 1057 projiciebantur,
1289 983 1325 1037 et

375 1092 454 1135 cum
474 1081 685 1155 gustassent,
709 1075 870 1137 nolebant
892 1074 971 1136 inde
998 1074 1182 1154 quicquam
1208 1091 1322 1136 come·

375 1172 466 1234 dere.
518 1172 610 1234 Ecce
633 1172 814 1235 manifesta
838 1178 872 1234 et
896 1172 1000 1251 digna
1016 1171 1083 1234 Dei
1100 1172 1265 1244 vindicta,
1282 1177 1323 1232 ut

373 1270 424 1332 illi
441 1270 500 1350 qui
518 1277 799 1350 contempserunt
823 1270 987 1332 christum
1013 1269 1166 1345 Domini,
1184 1287 1205 1331 a
1228 1268 1323 1331 cani-

374 1369 440 1430 bus
471 1369 576 1432 etiam
605 1371 918 1433 contemnebantur.
962 1366 1124 1430 interim
1156 1385 1231 1443 rex,
1262 1366 1322 1446 qui

375 1467 506 1529 curiam
520 1487 619 1529 suam
645 1469 754 1530 tenuit
770 1468 861 1548 apud
878 1468 1021 1542 Burum,
1039 1474 1078 1529 ut
1103 1485 1210 1547 supra
1236 1464 1323 1526 dixi-

374 1583 463 1638 muS‚
481 1567 575 1628 venit
600 1566 644 1627 ad
671 1559 954 1644 Argentomium,¹
980 1565 1038 1626 ubi
1065 1584 1142 1627 cum
1168 1564 1324 1627 audisset

375 1661 468 1739 quod
483 1663 667 1739 praedictus
687 1662 944 1724 Cantuariensis
970 1661 1249 1742 archiepiscopus
1273 1661 1323 1723 ita

373 1757 561 1821 crudeliter
591 1759 626 1819 in
652 1759 796 1821 ecclesia
823 1759 1064 1821 cantuariensi
1096 1759 1323 1833 occideretur,

374 1854 486 1917 doluit
502 1855 723 1919 vehementer
738 1863 773 1919 et
788 1856 970 1937 plusquam
994 1856 1062 1919 dici
1076 1864 1194 1937 potest
1207 1876 1215 1934 ;
1242 1875 1323 1919 nam

374 1953 606 2017 miserabilem
632 1954 740 2017 vitam
764 1954 864 2017 duxit
881 1962 916 2018 et
938 1954 1142 2018 inauditam.
1197 1953 1323 2017 Noluit

374 2052 466 2113 enim
483 2059 631 2132 perires
653 2052 726 2116 dies
750 2053 934 2133 quicquam
955 2053 1147 2128 comedere,
1164 2071 1227 2115 nec
1242 2071 1322 2115 cum

374 2148 493 2227 aliquo
509 2149 616 2229 loqui,
633 2150 694 2212 sed
716 2150 846 2212 clausis
864 2150 982 2231 januis
998 2150 1104 2212 vitam
1128 2149 1322 2212 solitariam

374 2264 437 2325 per
459 2246 613 2326 quinque
635 2247 846 2327 septimanas
869 2246 983 2321 duxit,
998 2246 1108 2309 donec
1130 2246 1322 2323 Rotrodus,
1418 2311 1420 2316 ,

375 2341 1324 2426 Rotomagensisarchiepiscopus,etepiscopiNorman-

373 2439 440 2502 niae
455 2441 647 2516 venientes,
665 2461 742 2505 enm
759 2442 1029 2506 consolarentur.
1070 2442 1188 2519 Quum
1203 2450 1321 2506 autem

372 2537 449 2600 haec
466 2538 602 2614 fierent,
621 2539 825 2603 Lodowicns
849 2560 912 2603 rex
935 2541 1160 2616 Francorum,
1179 2549 1214 2604 et
1232 2540 1322 2603 Wil-

372 2634 496 2698 lelmus
535 2636 783 2701 Senonensium
822 2638 1115 2720 archiepiscopus,
1145 2646 1181 2701 et
1208 2638 1323 2702 Theo·

372 2732 497 2794 baldus
516 2752 631 2797 comes
648 2734 836 2810 Blesensis,
850 2738 1063 2817 scripserunt
1077 2738 1113 2798 in
1128 2735 1193 2799 hac
1208 2736 1321 2800 forma

373 2830 417 2891 ad
439 2828 681 2894 Alexandrum
698 2853 867 2896 summum
892 2834 1102 2915 pontificem,
1124 2843 1247 2898 contra
1268 2854 1323 2897 re-

373 2946 451 3007 gem
462 2926 1321 3015 Angliae,demorteCantuariensisarchiepiscopi.

643 3113 780 3154 merom
802 3115 885 3155 neuls
908 3115 1050 3155 retritum.

206 3235 357 3331 {iffiff‘h‘
415 3225 567 3290 Domino
577 3237 613 3291 et
622 3230 714 3310 patri
724 3230 1320 3308 suosanctissimo,Alexandro,Dei

206 3333 292 3430 {¹¹13ng
293 3338 350 3428 pon
371 3325 485 3400 gratia
497 3343 631 3390 summo
641 3329 804 3407 pontifici,
816 3329 1020 3393 Lodowicns
1033 3350 1095 3394 rex
1103 3331 1317 3394 Francorum

206 3431 335 3518 gpgppueet
369 3420 520 3483 salutem
544 3432 579 3486 et
602 3425 753 3488 debitam
780 3429 1019 3491 reverentiam.
1071 3427 1128 3491 Ab
1157 3428 1319 3491 humanae

206 3529 326 3616 3333?
370 3517 510 3595 pietatis
528 3519 607 3599 lege
630 3525 759 3586 recedit
774 3525 878 3599 filius,
896 3526 955 3605 qui
978 3533 1122 3588 matrem
1142 3525 1320 3607 deturpat,

369 3634 481 3694 neque
505 3616 681 3682 Creatoris
708 3621 912 3685 beneficium
935 3623 1182 3698 reminiscitur,
1199 3623 1318 3704 quide

369 3722 502 3776 sanctae
539 3717 614 3778 sedi
653 3717 752 3781 illata
786 3720 999 3800 turpitudine
1038 3741 1107 3784 non
1146 3723 1317 3784 tristatur.

369 3808 502 3873 Verum
519 3815 704 3893 specialius
722 3824 776 3879 est
792 3818 1055 3894 condolendum,
1075 3829 1110 3883 et
1125 3820 1318 3882 novitatem

369 3945 1312 3970 Ἢ

499 4027 506 4056 ¹
523 4032 730 4099 Argentomium]
749 4038 877 4098 Argentea
889 4039 915 4087 in
927 4039 1018 4088 Lower
1029 4040 1055 4088 N
1057 4041 1185 4100 ormandy.
