3074 4508
360 350 426 413 260
600 365 1064 415 .·cour1uunrro·cunourcr
1083 366 1089 407 ς

365 523 464 587 nobis
483 530 519 588 ot
535 524 729 588 haeredibus
746 523 874 587 nostris
906 531 1028 587 contra
1052 511 1306 586 concessionem

365 634 401 687 et
425 626 627 705 praedictam
643 625 906 704 promissionem
921 621 1053 685 nullum
1068 620 1235 684 auxilium
1254 616 1310 680 vel

365 723 548 786 consilium
577 723 786 802 impendent,
802 743 864 785 nec
887 723 931 786 ab
953 721 1030 784 aliis
1047 740 1109 802 pro
1127 736 1228 801 posse
1245 734 1310 778 suo

365 820 520 900 impendi
544 820 765 900 permittent3
788 820 893 884 immo
907 823 998 884 bona
1016 819 1083 883 fide
1104 817 1311 882 laborabunt

289 942 293 948 ·
367 937 452 998 erga
480 935 544 980 nos
571 925 606 979 et
633 917 787 979 haeredes
813 927 952 981 nostros
975 919 1069 999 quod
1087 915 1202 981 omnia
1224 932 1310 996 prae·

367 1017 462 1079 dicta
488 1034 509 1077 a
537 1015 636 1079 nobis
664 1022 700 1079 et
723 1014 916 1078 haeredibus
942 1018 1083 1091 nostris,
1116 1032 1248 1079 necnon
1265 1013 1310 1075 ab

367 1114 453 1196 ipsis
470 1124 506 1177 et
521 1115 565 1177 ab
581 1133 701 1177 eorum
726 1113 931 1190 haeredibus,
955 1113 1098 1177 firmiter
1111 1121 1148 1177 et
1164 1111 1312 1176 fideliter

369 1215 599 1276 observentur
613 1212 649 1274 in
667 1220 880 1295 perpetuum.
911 1213 953 1276 In
969 1213 1071 1295 cnjus
1087 1213 1137 1276 rei
1155 1211 1310 1275 testimo·

368 1313 476 1386 nium,
496 1319 567 1374 tam
583 1330 765 1393 nosquam
783 1313 931 1393 praelati,
945 1313 1099 1387 comiteS,
1116 1318 1150 1375 et
1164 1312 1311 1374 barones

368 1411 492 1487 nostri,
519 1431 671 1493 praesens
700 1411 868 1494 scriptum
897 1411 1087 1493 sigillorum
1116 1416 1318 1472 nostrorum-

370 1510 591 1592 appositione
620 1511 881 1575 roboravimus:
906 1512 1052 1575 testibus
1081 1509 1261 1574 comitibus
1276 1514 1312 1569 et

370 1610 555 1673 baronibus
573 1611 731 1691 superius
748 1611 944 1686 nominatis,
970 1630 1061 1674 anno
1079 1609 1175 1690 regni
1192 1606 1313 1682 nostri,

370 1716 405 1770 et
419 1717 495 1770 caet.

206 1818 329 1908 {mer
421 1805 647 1867 Sanctissimo
673 1804 708 1867 in
738 1803 877 1869 Christo
908 1805 1000 1887 patri
1029 1806 1052 1869 J
1055 1852 1079 1882 .‚
1104 1804 1170 1868 Dei
1198 1803 1313 1884 gratia

208 1920 344 1968 totumne·
370 1922 507 1967 summo
535 1903 701 1984 pontifici,
724 1902 934 1979 Alexander,
959 1904 1077 1968 eadem
1107 1903 1219 1985 gratia
1250 1920 1311 1965 rex

372 2001 514 2079 Scotia‚
532 2021 646 2066 comes
674 2001 860 2079 Patricius,
888 2022 1002 2067 comes
1030 2003 1073 2067 de
1099 2002 1313 2077 Stratherne‚

370 2102 533 2177 salutem,
562 2110 597 2165 et
615 2102 766 2164 debitam
794 2103 988 2166 cumomni
1013 2102 1141 2166 honore
1156 2120 1314 2165 reveren·

371 2200 468 2265 tiam.
522 2200 709 2263 Sanctitati
724 2208 849 2264 vestrae
865 2201 1098 2280 significamus
1119 2219 1181 2263 nos
1196 2217 1313 2262 sacra·

371 2305 526 2360 mentum
555 2297 782 2378 corporaliter
806 2298 1008 2379 praestitisse
1030 2316 1144 2377 coram
1157 2298 1160 2302 ⁴
1174 2316 1313 2360 venera·

370 2394 433 2458 bili
452 2402 552 2477 patre
582 2394 638 2471 0.,
669 2394 788 2458 Sancti
817 2394 1312 2459 Nicholai-in·Carcere·Tull.

373 2495 520 2558 diacono
537 2492 717 2570 cardinali,
736 2494 771 2556 in
790 2493 931 2575 Anglia,
947 2494 1077 2571 Scotia‚
1093 2502 1129 2558 et
1145 2494 1315 2557 Hibernia

374 2599 459 2655 tunc
481 2592 684 2675 apostolicae
706 2593 799 2656 sedis
822 2594 950 2674 legato,
979 2592 1045 2680 [et]
1068 2594 1157 2656 banc
1182 2600 1314 2656 cartam

373 2699 528 2755 nostram
540 2692 672 2767 fecisse,
686 2710 764 2772 quae
778 2692 828 2755 ita
836 2693 961 2773 'coepitz
978 2693 1117 2755 ‘Sciant
1127 2697 1315 2773 praesentes

374 2796 409 2852 et
425 2789 543 2865 futuri,
559 2790 652 2872 quod
678 2792 729 2853 ita
759 2791 920 2853 convenit
932 2791 966 2853 in
983 2791 1166 2872 praesentia
1185 2788 1315 2852 domini

374 2887 418 2952 Ο.
454 2887 575 2952 Sancti
614 2887 789 2964 Nicholai,
829 2889 918 2968 etc;’
959 2909 1036 2971 quae
1074 2895 1171 2952 carta
1209 2906 1316 2969 penes

374 2985 550 3050 dominum
569 3006 684 3068 regem
711 2986 851 3067 Angliae
878 2995 913 3050 et
942 3008 1005 3050 nos
1034 2994 1188 3051 remanet
1203 2986 1316 3050 chiro·

373 3085 524 3165 grasata.
564 3085 692 3148 *Aliam
729 3105 807 3166 quae
833 3087 954 3166 incipit
975 3085 1058 3149 ‘Ad
1089 3085 1239 3148 omnium
1257 3104 1316 3147 ve·

373 3191 484 3245 strum
501 3184 659 3246 notitiam
675 3183 834 3246 volumus
852 3185 1029 3265 pervenire
1045 3203 1122 3247 cum
1137 3203 1182 3246 ex
1207 3184 1318 3246 forma

373 3283 641 3361 praecedentium
680 3291 878 3346 nostrarum
904 3291 1022 3364 pateat
1050 3282 1318 3363 obligationem,'

371 3379 583 3461 subjecimus
610 3399 673 3443 nos
699 3381 933 3463 jurisdictioni
960 3390 1096 3456 vestrae‚
1128 3389 1167 3443 ut
1193 3399 1256 3443 nos
1283 3387 1320 3442 et

373 3476 528 3541 haeredes
561 3485 697 3541 nostros
735 3499 796 3560 per
835 3499 1016 3543 censuram
1052 3479 1317 3542 ecclesiasticam

373 3577 515 3655 possitis
532 3595 701 3650 coercere,
718 3577 747 3639 sl
764 3596 826 3639 nos
838 3579 892 3640 vel
907 3577 1058 3641 haeredes
1076 3576 1184 3639 nostri
1202 3576 1319 3657 aliquo
1416 3571 1419 3576 ’

372 3680 529 3755 tempore
557 3682 678 3736 contra
706 3683 930 3738 memoratam
959 3695 1078 3757 pacem
1113 3675 1318 3738 venerimus.

373 3772 420 3837 Et
458 3774 488 3836 si
527 3792 678 3854 unquam
718 3773 899 3853 contingit,
936 3774 1029 3855 quod
1066 3793 1138 3849 nos,
1180 3772 1320 3854 quidam

370 3879 541 3949 nostrum,
565 3892 683 3936 omnes
710 3872 766 3934 vel
794 3891 896 3948 unus,
923 3874 1161 3935 contravenire
1192 3881 1320 3935 temere

370 3980 597 4050 praesumunt,
613 3972 667 4034 vel
686 3990 894 4052 praesunrere
911 3972 1068 4033 nituntur
1084 3971 1136 4033 vel
1154 3970 1319 4044 nitentur,

369 4077 403 4130 et
428 4087 472 4129 ex
496 4069 561 4131 boc
586 4078 655 4131 tarn
684 4070 863 4132 animabus
879 4071 1005 4131 nostris
1024 4088 1126 4150 quam
1144 4068 1318 4131 haeredum
