3074 4508
502 326 694 373 rnonrnrn
720 326 1003 376 wrconrurnsrs.
1171 314 1236 378 135

277 500 350 556 sus,
375 484 420 544 ab
451 484 714 565 insequentibus
748 503 934 565 oppressus
966 493 1031 560 est,
1059 493 1166 565 atque
1199 486 1234 549 in

275 578 352 643 loco
370 583 431 661 qui
453 582 658 662 Stolihricge
680 582 817 658 dicitur,
829 602 851 645 a
865 583 1142 646 Flammensibus
1154 602 1232 646 cum

275 680 400 742 comite
424 680 652 744 Warennensi
687 690 821 762 captus,
854 690 889 745 et
919 683 1048 763 regiuae
1081 683 1116 744 iu
1148 683 1233 746 urbe

276 778 440 841 residenti
478 787 718 860 praesentatus,
754 779 929 844 Gulielmo
960 782 1003 843 de
1038 779 1123 859 Ipra
1156 781 1232 862 ejus

270 874 374 956 jussu
396 879 665 953 commendatur,
687 886 723 941 et
754 877 789 940 in
819 880 962 941 civitate
994 877 1141 942 Rofensi
1174 873 1241 942 cu?

275 975 399 1036 stodiae
426 979 652 1058 mancipatur.
704 976 827 1040 Comes
848 997 928 1040 vero
949 975 1230 1053 Herel'nrdensis,
1243 991 1369 1081 pomp?

278 1071 377 1147 Milo,
387 1075 432 1136 ab
448 1074 604 1138 hostibus
615 1077 876 1156 circumseptus
889 1075 1029 1158 abjecta
1039 1075 1229 1137 suaarma¹
1244 1051 1356 1179 {3153th
1358 1096 1382 1131 ro

276 1188 353 1232 cum
370 1173 575 1253 supellectili
601 1175 772 1248 universa,
799 1175 842 1237 dc
864 1175 940 1237 sola
958 1176 1029 1236 vita
1056 1174 1158 1236 laetus
1186 1173 1230 1235 ad
1284 1146 1377 1180 ''m''

276 1267 466 1334 Glaornnm
480 1291 556 1335 cum
572 1272 736 1336 dedecore
752 1273 915 1353 fugiendo
931 1273 1090 1352 pervenit
1104 1273 1230 1349 lassus,

276 1367 384 1443 solus,
411 1380 447 1434 et
468 1391 555 1452 pene
577 1372 700 1435 nudus.
745 1372 943 1434 Johannem
969 1373 1087 1447 etiam,
1116 1371 1359 1434 fauto-Wheruen

275 1485 346 1528 rem
379 1486 510 1542 corum,
535 1471 577 1532 ad
606 1471 853 1533 monasterium
879 1468 1148 1533 Warewellense
1175 1469 1229 1530 l‘u·
1243 1435 1397 1532 lllllllllp

276 1566 426 1643 gientem
454 1568 579 1630 milites
607 1568 761 1648 episcopi
791 1576 1051 1648 persequentes,
1080 1586 1158 1629 cum
1184 1584 1228 1630 ex
1243 1532 1379 1622 lltllllllm

276 1663 355 1726 inde
377 1665 472 1728 nullo
491 1666 591 1729 modo
609 1666 783 1746 expellere
801 1666 1005 1740 valuissent,
1024 1666 1060 1728 in
1077 1667 1157 1747 ipsa
1174 1668 1229 1730 die

275 1761 475 1828 festivitatis
490 1765 720 1828 Exaltatiouis
736 1764 873 1827 Sanctae
889 1765 1012 1828 Crucis
1028 1766 1087 1844 [14
1101 1765 1229 1845 Sept.]‚

275 1861 431 1925 immisso
445 1865 524 1942 igne
535 1866 645 1943 ipsam
662 1863 841 1926 ecclesiam
857 1862 995 1926 Sauctae
1011 1863 1135 1926 Crucis
1151 1882 1229 1925 cum

274 1961 589 2023 sanctimonialium
604 1962 705 2023 rebus
731 1970 766 2022 et
791 1961 949 2023 domibus
974 1970 1229 2036 cremaverunt,

274 2057 485 2121 indumentis
512 2078 629 2121 earum
656 2066 691 2121 et
712 2058 809 2120 libris
831 2076 910 2120 cum
938 2060 1148 2121 ornamentis
1176 2059 1230 2119 iu·

277 2156 465 2220 clementer
507 2157 644 2232 ablatis,
686 2157 855 2236 sanguine
895 2175 1035 2237 quoque
1080 2154 1231 2237 plurimo

276 2273 391 2317 coram
415 2266 539 2319 sancto
562 2257 665 2319 altari
690 2255 841 2318 humano
866 2255 1076 2318 horribiliter
1099 2254 1228 2317 effuso:

275 2354 478 2432 praedictum
502 2363 617 2417 tamen
631 2354 654 2417 J
658 2354 825 2417 ohannem
848 2373 911 2416 nec
934 2373 1058 2434 capere
1080 2373 1144 2415 nec
1167 2371 1230 2415 ex·

275 2451 403 2531 pellere
426 2460 623 2533 potuerunt.
676 2451 755 2514 Hoc
778 2453 1035 2524 monasterium,
1061 2460 1230 2532 regnante

206 2539 207 2543 ’
276 2549 429 2627 glorioso
452 2550 645 2631 Anglorum
668 2569 749 2629 rege
774 2549 963 2629 Eadgaro,'²
978 2548 1117 2613 Allrida
1141 2568 1232 2611 uxor

277 2646 365 2727 ejus,
384 2656 593 2729 compuncta
613 2646 765 2728 privigni
785 2649 838 2709 sui
859 2667 955 2723 nece,
984 2648 1172 2711 aedificavit
1194 2646 1230 2709 in

276 2744 441 2808 honorem
457 2747 594 2810 Sanctae
613 2745 747 2809 Crucis.
800 2746 869 2809 His
891 2747 941 2809 ita
964 2748 1084 2827 gestis,
1100 2745 1229 2826 praesul
1242 2756 1350 2796 Treuur·

1242 2807 1310 2845 round
1321 2807 1349 2854 by
1358 2804 1397 2843 the

278 2842 466 2921 Henricus,
510 2847 563 2908 ira
604 2844 948 2924 quantulumcunque
993 2845 1127 2919 sedata,
1168 2845 1228 2907 sed
1242 2856 1368 2952 mm·

277 2943 466 3021 cupiditate
488 2943 671 3006 admodum
694 2942 854 3016 dilatata,
871 2951 1089 3022 ,suggerente
1115 2942 1230 3022 priore
1242 2953 1382 3042 pppffigp

278 3039 314 3102 N
316 3042 374 3103 ovi
397 3040 603 3105 Monasterii
624 3042 819 3121 nuperrime
842 3040 1060 3119 conflagrati,
1085 3040 1165 3102 tulit
1185 3058 1231 3101 ex
1243 3057 1284 3092 ter·

277 3140 459 3202 combusta
487 3158 586 3203 cruce
609 3140 818 3219 quingentas
848 3139 985 3217 argenti
1012 3137 1132 3212 libras,
1155 3137 1232 3198 auri

277 3256 414 3318 quoque
442 3257 576 3301 marcas
602 3235 932 3311 xxx.,diademata
956 3236 1126 3298 triacum
1153 3235 1233 3297 toti·

225 3363 227 3368 ·
277 3335 354 3397 dem
392 3337 552 3399 scabellis
591 3355 635 3398 ex
669 3354 753 3397 auro
787 3332 937 3396 Arabico
971 3333 1168 3413 purissimo,
1199 3340 1235 3394 et

315 3568 321 3596 ¹
339 3567 439 3628 Arma]
456 3569 506 3615 For
514 3568 555 3614 the
563 3568 743 3626 ungrammati-
769 3565 821 3613 ted.
859 3563 962 3623 Eadgar
984 3562 1044 3609 died
1064 3563 1089 3608 in
1107 3565 1164 3622 975,
1184 3562 1234 3608 and

279 3637 318 3683 cal
337 3637 440 3683 ‘arma’
461 3652 501 3684 we
526 3637 616 3684 should
639 3636 709 3697 read,
729 3636 742 3682 I
770 3634 899 3681 Eadward
914 3646 968 3679 was
984 3631 1119 3679 murdered
1134 3632 1160 3678 iu
1176 3634 1234 3679 978.

279 3719 405 3763 presumo,
415 3719 509 3765 parma.
769 3704 794 3750 Α
803 3708 860 3749 note
869 3704 895 3748 in
905 3701 947 3748 the
955 3702 1052 3760 margin
1062 3700 1091 3746 ot'
1100 3701 1129 3746 C.
1139 3700 1235 3758 merely

314 3772 664 3834 ἲΙίεςηαηέιι...Ειι(1ρῑ(ιιτ).]
682 3773 744 3819 This
770 3785 838 3830 says,
863 3772 889 3816 in
911 3769 1028 3828 alluding
1048 3774 1073 3814 to
1096 3767 1236 3815 Wherwell

280 3857 350 3902 gross
379 3841 554 3888 anachronisrn
587 3841 677 3899 hardly
706 3855 745 3888 re-
770 3841 862 3897 abbey,
878 3839 886 3865 ⁴
900 3838 957 3884 Hoc
975 3837 1154 3883 monasterium
1173 3835 1236 3882 AElf-

280 3913 365 3970 quires
377 3912 469 3969 notice,
481 3909 565 3956 which
583 3910 670 3956 makes
682 3909 745 3955 AEll-
771 3907 855 3967 dryth‚
867 3920 930 3953 uror
948 3905 1015 3966 regis
1033 3905 1156 3965 Eadgari‚
1169 3919 1234 3952 com-

279 3981 363 4039 thrytb
371 3979 554 4038 expiatiugher
562 3978 639 4026 crime
648 3984 674 4025 at
681 3978 745 4025 least
772 3983 866 4036 puncta
883 3975 992 4034 privigni
1010 3975 1051 4021 sui
1071 3988 1142 4032 nece,
1154 3973 1234 4021 aedifi-

279 4049 349 4097 three
361 4063 436 4108 years
449 4048 533 4096 before
543 4048 562 4094 it
570 4062 624 4095 ruas
634 4048 745 4095 commit·
772 4046 839 4093 cavit
847 4047 871 4092 iu
884 4044 1002 4092 honorem
1015 4043 1116 4090 Sauctoe
1125 4043 1235 4092 Crucis!
