3074 4508
481 340 674 388 ruonmmrr
703 341 985 389 wracaruunsrs.
1149 327 1214 391 127

259 495 371 558 dendo
389 496 524 558 scilicet
540 495 694 572 castello,
709 496 924 577 infringeret.
969 497 1019 560 At
1034 498 1093 560 ubi
1109 498 1212 561 minis

260 593 324 656 suit
346 596 487 657 territus
511 594 547 656 in
569 595 715 674 patibuli
738 596 977 675 suspensione,
1004 596 1153 675 spondet
1175 615 1213 659 se

260 710 436 755 cessurum
470 693 601 773 petitiS,
636 693 820 757 dummodo
860 694 1050 775 periculum
1085 694 1213 757 evadat

260 792 392 855 mortis.
446 791 543 853 Ini'ra
569 798 738 854 statutum
767 793 858 855 diem
887 794 1123 857 conventionis
1153 793 1213 855 ille

260 890 432 968 malignus
462 889 654 952 Rotbertus
678 890 721 952 ad
749 890 887 972 praefati
913 893 1084 955 Johannis
1109 891 1212 955 redu·

259 988 350 1049 citur
368 989 609 1068 praesentiam
633 989 688 1051 cui
705 990 849 1052 nunciat
867 1009 981 1053 comes
999 991 1115 1052 omnia
1132 1009 1212 1070 quae

261 1093 361 1164 gesta
386 1095 480 1161 sunt,
505 1087 676 1167 quomodo
705 1088 807 1149 minis
837 1089 978 1150 territus
1006 1087 1212 1163 Rotbertus,

260 1185 466 1263 promiserat
506 1204 544 1247 se
585 1184 797 1248 redditurum
837 1186 1028 1250 castellum.
1092 1187 1213 1266 Rogat

262 1282 365 1344 etiam
395 1284 519 1359 denuo,
549 1282 756 1347 Rotbertum
781 1285 826 1347 ad
851 1285 994 1348 Divisas
1017 1305 1133 1348 secum
1161 1286 1212 1347 ire

260 1381 450 1461 permittat,
482 1401 524 1445 eo
556 1391 658 1461 paeto
698 1390 737 1445 ut
766 1385 796 1444 si
828 1382 986 1445 fortassis
1023 1384 1212 1446 obtinuerit

262 1479 454 1554 castellum,
466 1479 540 1561 juri
557 1479 580 1542 J
583 1480 727 1542 ohannis
747 1481 871 1543 subeo
894 1482 1085 1561 subigatur.
1138 1480 1213 1543 An-

260 1578 335 1639 nuit
350 1577 373 1639 J
377 1578 531 1640 ohannes
548 1579 705 1657 precibus
721 1578 869 1653 comitis,
886 1578 946 1659 qui
961 1580 1117 1658 protinus
1134 1597 1212 1640 cum

262 1675 434 1740 Rotberto
460 1677 550 1739 redit
576 1676 620 1738 ad
651 1676 804 1739 Divisas.
859 1676 1002 1739 Interim
1032 1678 1121 1739 idem
1149 1676 1214 1740 Jo-

262 1774 404 1851 hannes,
427 1775 542 1838 missis
568 1774 676 1838 literis
697 1776 741 1837 ad
769 1794 829 1838 eos
855 1776 916 1856 qui
944 1785 1046 1838 extra
1072 1776 1129 1838 vel
1153 1777 1214 1857 qui

260 1873 350 1935 infra
367 1874 551 1936 castellum
568 1881 679 1949 eraut,
690 1874 919 1955 jurejurando
932 1874 1077 1956 juravit,
1095 1893 1158 1937 nec
1173 1893 1213 1936 se

259 1989 323 2033 nec
356 1972 518 2034 comitem
552 1970 681 2051 aliquid
720 1973 876 2035 facturos
911 1972 1104 2044 Rotbert03
1146 1972 1212 2035 boc

260 2067 435 2132 duntaxat
449 2078 570 2148 agant,
586 2077 626 2131 ut
643 2069 882 2150 juramentum
897 2069 932 2132 in
953 2089 1021 2132 non
1043 2069 1212 2132 tradendo

261 2166 364 2230 alicui
395 2167 542 2231 castello
574 2168 716 2230 firmiter
746 2174 901 2231 teneant.
970 2167 1117 2230 Relictis
1152 2186 1311 2230 err-aune

261 2266 518 2329 constabulario
543 2273 578 2328 et
605 2266 755 2347 quodam
781 2265 917 2346 potenti
933 2266 1009 2329 viro
1035 2264 1211 2329 Hunfrido
1224 2236 1357 2324 {diff-‘¹

262 2371 298 2425 et
320 2365 527 2444 quibusdam
546 2364 636 2439 aliis,
653 2383 769 2426 comes
785 2363 989 2427 Glaorniam
1012 2363 1211 2440 revertitur,
1224 2335 1317 2432 miili.

261 2462 429 2523 mandans
469 2462 628 2524 omnibus
666 2468 705 2523 ut
743 2462 774 2524 si
818 2461 1010 2524 Rotbertus
1052 2467 1213 2524 renueret

260 2568 384 2638 sponte
410 2559 553 2622 reddere
575 2559 768 2634 castellum,
793 2557 1087 2639 suspenderetur.¹
1139 2559 1212 2622 Re·

261 2658 336 2720 nuit
364 2658 555 2733 RobertuS,
587 2665 740 2720 renuunt
771 2666 807 2721 et
840 2657 906 2728 sui,
942 2676 985 2720 ne
1014 2657 1213 2721 viderentur

260 2756 401 2837 perjuri.
454 2755 549 2833 Quid
575 2756 719 2823 multist
774 2755 824 2819 Ut
846 2763 957 2819 terror
981 2756 1138 2819 omnibus
1159 2756 1212 2818 in-

261 2862 448 2931 cuteretur,
465 2855 600 2918 duobus
622 2855 806 2934 nepotibus
834 2854 998 2918 Rotberti
1014 2854 1110 2934 prius
1132 2873 1210 2916 sus·

261 2954 389 3031 pensis,
424 2953 499 3034 ipse
532 2959 654 3033 captus
675 2952 923 3033 suspenditur.
991 2952 1061 3015 Per
1094 2952 1210 3015 omnia

261 3050 461 3115 benedictus
499 3051 611 3126 Deus,
645 3051 705 3131 qui
739 3051 883 3114 tradidit
918 3049 1050 3131 impios.
1117 3049 1210 3112 Ante
1224 3067 1362 3107 marronea

259 3147 550 3230 Assumptionem.
571 3149 709 3212 Sanctae
732 3148 857 3212 Mariae
874 3148 934 3228 [15
950 3146 1074 3228 Aug.],
1094 3167 1209 3210 comes
1223 3119 1355 3206 {affine

261 3245 468 3310 Glocestriae
494 3266 614 3311 versus
633 3246 843 3309 Bathoniam
866 3247 976 3309 movit
997 3247 1208 3324 exercitum;

260 3353 297 3407 at
322 3365 386 3408 rex
412 3346 652 3427 exploratores
678 3344 789 3407 multo
814 3353 895 3407 ante
922 3345 1148 3424 praemiserat,
1172 3352 1211 3407 ut

260 3442 417 3506 hostibus
443 3445 586 3506 insidias
611 3443 805 3518 tenderent,
833 3453 869 3507 et
893 3442 1081 3505 fortissima
1104 3462 1210 3505 manu

260 3560 298 3603 se
314 3550 348 3604 et
365 3562 430 3605 sua
446 3543 677 3605 defenderent.
732 3541 790 3604 Fit
812 3542 930 3622 itaque
947 3560 1149 3622 progressus
1177 3548 1211 3604 et

260 3659 491 3719 congressus;
515 3641 595 3703 hinc
622 3639 770 3702 militum
793 3641 897 3720 regiS,
921 3641 1013 3702 inter
1030 3660 1118 3720 quos
1141 3639 1209 3701 duo

259 3738 386 3800 milites
409 3745 521 3811 erant,
542 3739 720 3802 Johaunes
742 3746 778 3800 et
799 3737 972 3817 Rogerus,
991 3738 1055 3800 viri
1079 3737 1211 3798 strenui

261 3844 295 3900 et
311 3837 465 3899 bellicosi
480 3860 489 3909 ;
513 3837 608 3899 illinc
625 3835 816 3898 satellitum
834 3837 981 3898 comitis.
1019 3834 1213 3913 capiuntur

294 3989 300 4018 ¹
320 3979 535 4051 Suspenderetar]
556 3986 625 4034 Here
640 3986 669 4033 C.
682 3981 849 4032 terminatas.
866 3985 943 4032 What
954 3984 1061 4043 follows,
1074 3988 1098 4030 to
1111 3983 1151 4030 the
1163 3985 1212 4031 end

257 4057 286 4105 of
294 4061 367 4117 1141,
379 4057 401 4104 is
414 4055 477 4104 from
490 4055 532 4104 the
544 4055 586 4103 old
597 4054 696 4116 printed
709 4058 771 4101 text.
