3074 4508
373 304 438 367 138
629 317 880 367 couvruurmo
904 317 1079 365 cuaorucl

371 473 521 557 majores
544 473 695 556 Angliae,
723 480 793 537 tam
821 473 974 554 episcopi
1000 491 1107 554 quam
1126 472 1269 535 comites
1294 477 1329 534 et

206 609 351 650 mma„
370 574 532 637 barones.
588 574 738 637 Peracta
767 573 876 654 igitur
906 570 1130 634 sollennitate
1162 569 1329 652 paschali,

204 659 303 699 London.

176 3136 178 3139 Ι
208 3161 337 3201 eoronrtlon

210 3213 234 3250 oi
241 3212 318 3250 Prinne

210 3261 293 3309 Herm.

371 673 526 754 perrexit
554 672 634 734 inde
662 671 876 746 Lundonias,
903 679 938 734 et
969 671 1017 733 ibi
1048 687 1214 748 maguum
1239 667 1329 732 cele·

371 772 487 833 bravit
501 768 687 832 concilium
710 768 753 831 de
776 770 1001 832 coronatione
1020 767 1180 842 Henrici,
1195 766 1258 829 filii
1273 767 1328 829 sui

372 867 528 949 majoris,
557 874 593 929 et
615 865 658 927 de
680 867 822 928 statutis
845 869 943 947 regni
965 868 1041 930 sui:
1065 875 1101 930 et
1123 865 1250 928 ibidem
1272 864 1329 927 de·
1430 949 1434 955 Ι

373 965 488 1046 posuit
504 963 575 1026 sere
591 982 709 1026 omnes
725 963 945 1027 vicecomites
960 963 1100 1044 Angliae
1117 972 1153 1027 et
1166 962 1328 1025 baillivos

372 1081 504 1137 eorum,
532 1081 594 1143 pro
620 1080 661 1125 eo
686 1060 777 1142 quod
801 1062 892 1124 male
913 1070 1151 1125 tractaverant
1174 1061 1329 1124 homines

371 1161 471 1241 regni
494 1160 561 1223 sui.
612 1159 660 1223 Et
679 1160 918 1240 unusquisque
933 1160 1175 1223 vicecomitum
1192 1167 1227 1223 et
1243 1158 1328 1222 bail-

371 1259 434 1323 livi
449 1277 569 1321 eorum
589 1256 723 1338 plegios
739 1257 947 1322 invenerunt
961 1257 1004 1321 de
1020 1257 1156 1340 seipsis,
1173 1258 1265 1340 quod
1283 1257 1328 1320 ad

370 1366 504 1421 rectum
526 1365 662 1421 starent
683 1367 719 1420 et
741 1356 1003 1420 adresciandum
1029 1357 1170 1420 domino
1191 1357 1266 1437 regi
1292 1363 1328 1420 et

372 1457 568 1522 hominibus
584 1456 692 1537 regni,
711 1455 804 1537 quod
826 1456 876 1519 eis
894 1455 1088 1519 adresciare
1106 1455 1270 1519 deberent
1285 1455 1329 1517 de

372 1557 476 1635 prisis
502 1556 597 1633 suis;
624 1564 659 1617 et
680 1564 803 1637 postea
827 1555 910 1619 fecit
939 1575 1002 1619 rex
1028 1574 1147 1618 omnes
1174 1553 1328 1617 homines

372 1655 470 1732 regni
487 1655 553 1727 sui,
572 1654 703 1715 scilicet
718 1654 873 1729 comites,
890 1655 1049 1727 beronae,
1071 1654 1211 1725 milites
1234 1653 1328 1714 sran-

372 1757 620 1825 cos-teuentes,
630 1758 665 1811 et
676 1752 779 1812 etiam
795 1750 987 1824 villicanoS,
999 1770 1062 1830 por
1071 1751 1227 1830 singulos
1235 1751 1329 1813 vicc-

372 1847 559 1911 comitatus
577 1849 709 1930 Jurare,
731 1848 835 1911 tactis
857 1847 1090 1912 sacrosanctis
1113 1848 1327 1928 Evangeliis,

372 1947 464 2028 quod
489 1966 609 2009 verum
629 1945 793 2021 dicerent,
817 1946 951 2010 scilicet
977 1947 1070 2027 quod
1098 1956 1134 2010 et
1157 1955 1328 2028 quantum

373 2045 594 2108 vicecomites
619 2053 654 2107 et
678 2044 810 2107 baillivi
825 2064 943 2108 eorum
968 2045 1012 2108 de
1037 2047 1087 2108 eis
1108 2046 1274 2127 ceperint,
1291 2053 1328 2109 et

372 2145 466 2223 quod
480 2163 559 2205 cum
568 2143 700 2223 judicio
717 2151 751 2205 et
769 2142 861 2222 quod
875 2144 950 2204 sine
957 2143 1102 2224 judicio,
1113 2152 1148 2206 et
1158 2163 1222 2223 pro
1232 2143 1329 2224 quali

375 2241 606 2303 forisfactura.
667 2238 734 2301 Sed
767 2257 933 2319 magnum
969 2240 1132 2303 damnum
1170 2242 1331 2321 provenit

374 2337 454 2400 inde
487 2338 585 2418 genti
614 2334 765 2417 Angliae,
799 2338 883 2419 quia
914 2345 995 2417 post
1026 2337 1156 2402 factam
1182 2339 1328 2419 inquisi-

375 2436 503 2498 tionem
528 2454 592 2499 rex
614 2436 770 2517 reposuit
795 2434 962 2516 quosdam
977 2436 1221 2501 vicecomitum
1250 2436 1329 2500 illo·

374 2553 452 2596 rum
467 2535 593 2596 iterum
608 2533 644 2595 in
659 2532 745 2596 locis
759 2535 844 2610 suis,
859 2541 967 2614 atque
989 2534 1058 2615 ipsi
1077 2544 1200 2616 postea
1218 2534 1328 2598 multo
1362 2597 1364 2600 .

374 2632 584 2695 crudeliores
607 2633 799 2695 extiterunt
821 2651 926 2713 quam
949 2640 1054 2697 antea
1080 2634 1231 2696 fuerunt.
1277 2632 1328 2695 ·In

374 2730 543 2811 praedicto
572 2737 689 2792 autem
717 2729 877 2807 concilio,
904 2749 968 2793 rex
1001 2731 1083 2793 fecit
1113 2750 1329 2794 summonere

374 2827 569 2908 Rogerum,
597 2827 852 2890 Eboracensem
886 2827 1195 2911 archiepiscopum,
1223 2836 1331 2910 atque

375 2926 577 3006 Hugonem,
616 2926 884 2990 Dunelmensem
925 2928 1139 3009 episcopum,
1169 2935 1205 2990 et
1243 2928 1331 2990 alios

375 3024 558 3104 episcopos
574 3025 672 3104 regni
689 3025 754 3100 sui,
772 3024 864 3105 quod
885 3032 1001 3088 essent
1016 3026 1108 3107 apud
1126 3025 1330 3089 Lundonias

375 3128 508 3185 statuto
541 3127 729 3202 tempore:
762 3122 805 3184 In
832 3122 1017 3185 Dominica
1047 3125 1217 3204 sequenti,
1250 3143 1330 3205 quae

376 3222 490 3283 evenit
509 3227 634 3283 octavo
649 3219 781 3283 decimo
798 3219 869 3284 kal.
884 3221 907 3284 J
910 3221 971 3298 ulii
991 3213 1051 3308 [14
1065 3221 1089 3283 J
1093 3223 1182 3302 un.],
1198 3222 1331 3285 scilicet

377 3319 498 3398 vigilia
522 3318 728 3380 Sanctorum
745 3317 823 3381 Viti
849 3330 885 3381 et
907 3318 1056 3383 Modesti
1082 3327 1272 3400 martyrum
1296 3327 1332 3382 et

376 3416 515 3479 Sanctae
542 3415 752 3479 Crescentiae
770 3417 924 3496 virginis,
953 3415 1035 3479 secit
1064 3437 1128 3479 rex
1154 3417 1331 3480 Henricus

376 3514 484 3577 filium
505 3532 608 3575 suum
628 3514 821 3576 Henricum
847 3514 1014 3594 majorem
1042 3516 1213 3590 coronari,
1238 3517 1332 3578 etin

375 3632 492 3692 regem
536 3613 730 3674 consecrari
767 3612 860 3692 apud
898 3611 1257 3689 westmonasterium,
1288 3615 1332 3676 ab

377 3710 531 3790 Rogero,
555 3709 765 3772 Eboracensi
789 3710 1060 3790 archiepiscopo,
1077 3718 1112 3773 et
1129 3711 1333 3791 apostolicae

375 3809 467 3870 sedis
507 3808 635 3887 legato,
671 3808 946 3870 ministrantibus
980 3808 1010 3870 ei
1050 3809 1085 3871 in
1121 3808 1182 3871 illo
1221 3807 1332 3872 officio

376 3906 541 3986 Hugone‚
558 3906 786 3969 Dunelmensi
802 3907 976 3987 episcopo,
998 3913 1033 3969 et
1053 3906 1223 3981 Gilberto,
1241 3906 1333 3968 Lun-

376 4004 533 4067 doniensi
551 4005 727 4084 episcopo,
751 4015 786 4067 et
809 4004 983 4080 Jocelino,
1007 4004 1242 4067 Salisbiriensi
1260 4006 1332 4086 epi·
