3074 4508
280 103 324 166 12
651 115 860 164 cunorucou
889 137 891 141 -

276 272 438 356 judiciali
476 272 648 336 sententia
685 271 879 348 damnatos,
914 271 1035 335 artiori
1067 272 1232 336 custodiae

280 371 506 453 mancipavit.

128 487 188 527 nn.
200 488 257 529 nors.
332 469 459 534 Comes
471 466 701 541 Waltheosus,
715 466 817 548 jussu
831 467 924 548 regis
936 466 1115 542 Willelmi,
1129 475 1232 531 extra

115 551 269 644 3223&st
279 568 459 631 civitatem
475 565 686 629 Wintoniam
717 563 854 639 ductus,
878 566 1018 645 indigne
1051 575 1086 628 et
1111 567 1231 628 crude·

277 665 359 728 liter
382 665 496 729 securi
520 664 747 745 decapitatur,
774 669 809 725 et
835 663 870 724 in
895 662 1015 725 eodem
1037 664 1115 725 loco
1138 670 1231 727 terra

277 762 455 824 obruitur:
480 761 541 823 sed
562 780 725 841 processu
748 762 924 842 temporie,
951 760 1029 822 Deo
1057 761 1108 823 sic
1139 762 1232 824 ordi-

276 866 395 933 nante,
423 876 549 938 corpus
575 857 651 938 ejus
678 858 720 919 de
749 864 841 920 terra
862 858 1010 933 levatur,
1039 865 1075 921 et
1102 877 1229 939 magno

276 974 354 1018 cum
388 955 518 1019 honore
545 954 696 1018 cruland
731 955 944 1035 deportatur,
968 955 1061 1018 etin
1084 956 1229 1020 ecclesia

276 1053 462 1117 honorifice
491 1053 690 1118 tumulatur.
758 1053 828 1115 Hic
854 1072 931 1115 cum
960 1052 1073 1115 adhuc
1099 1060 1229 1135 tempo-

275 1153 341 1215 rali
365 1152 540 1215 frueretur
557 1153 640 1227 vita,
666 1159 744 1214 arta
766 1151 900 1232 positus
928 1151 964 1214 in
989 1151 1157 1227 custodia,
1186 1171 1229 1215 ea

275 1268 355 1330 qnae
377 1258 535 1330 gesserat
555 1250 669 1330 inique
691 1250 904 1311 incessanter
921 1248 1062 1312 deflevit
1081 1256 1115 1313 et
1133 1268 1229 1313 ama-

275 1348 435 1411 rissime:
471 1347 611 1428 vigiliis,
638 1349 864 1422 orationibus,
893 1348 1052 1431 J‘ejuniiS,
1076 1355 1111 1411 et
1137 1347 1226 1410 elee-

176 1504 179 1511 .
276 1447 431 1527 mosynis
459 1446 572 1508 Deum
600 1445 734 1507 studuit
760 1445 918 1524 placare3
965 1447 1066 1526 cujus
1098 1465 1225 1507 memo-

274 1541 363 1603 riam
377 1541 564 1605 voluerunt
578 1541 730 1603 homines
753 1543 789 1601 in
810 1548 905 1603 terra
926 1541 1051 1617 delere,
1077 1541 1138 1603 sed
1154 1561 1228 1604 cre-

274 1636 370 1700 ditur
390 1657 472 1701 vere
497 1639 594 1700 illum
624 1656 702 1700 cum
729 1639 860 1700 sanctis
885 1637 922 1700 in
947 1637 1036 1701 coelo
1062 1639 1227 1719 gaudere,

275 1734 443 1815 praedicto
459 1735 701 1817 archipraesule
723 1736 790 1816 piae
805 1737 977 1799 memoriae
994 1735 1226 1813 Landfranco,

276 1851 299 1895 a
314 1853 398 1915 quo,
420 1834 633 1897 confessione
652 1832 758 1908 facta,
774 1835 1014 1914 poenitentiam
1032 1842 1226 1914 acceperat,

275 1931 424 1994 fideliter
457 1938 666 2008 attestante;
708 1931 769 2010 qui
806 1937 842 1992 et
877 1930 1030 2009 impositi
1061 1932 1226 2006 criminis,

274 2027 485 2108 supradictae
516 2026 647 2089 scilicet
677 2026 936 2109 conjurationis,
967 2025 1067 2089 illum
1103 2027 1225 2091 immu-

271 2143 351 2188 nem
381 2123 575 2187 affirmabat
595 2143 681 2198 esse,
705 2131 741 2187 et
763 2142 841 2205 quae
865 2124 902 2186 in
924 2125 1060 2187 caeteris
1086 2126 1227 2188 commi-

271 2221 386 2297 sisset,
425 2230 467 2286 nt
494 2241 613 2285 rerum
648 2220 895 2297 Christianum,
927 2221 1225 2302 poenitentialibus

270 2317 460 2402 lachrymis
478 2319 678 2392 deflevisse3
703 2338 810 2400 seque
832 2318 981 2383 foelicem
996 2317 1071 2381 fore
1088 2320 1129 2395 si,
1144 2329 1225 2401 post

212 2447 226 2486 s
271 2418 404 2480 exitum
422 2418 517 2493 vitae,
531 2417 625 2479 illius
639 2415 746 2480 foelici
763 2417 932 2497 potiretur
947 2414 1091 2497 requie.²
1136 2416 1225 2481 Post

271 2513 347 2578 haec
371 2533 468 2578 mare
486 2515 645 2590 transito,
665 2532 729 2575 rex
753 2513 789 2575 in
806 2514 972 2576 minorem
995 2514 1224 2596 Brytanniam

270 2631 372 2675 suam
398 2613 508 2676 movit
532 2610 799 2693 expeditionem,
824 2618 859 2674 et
881 2611 1064 2675 castellum
1081 2612 1223 2675 Radulfi

270 2711 420 2786 comitis,
439 2710 531 2791 quod
550 2708 619 2774 Dol
636 2710 845 2785 nominatur,
860 2709 993 2772 tamdiu
1009 2709 1145 2772 obsedit
1161 2710 1223 2773 do-

269 2826 333 2871 nec
344 2809 559 2871 Francorum
572 2825 635 2869 rex
653 2805 837 2887 Philippus
851 2807 949 2868 illum
966 2805 1047 2869 inde
1062 2805 1225 2886 fugaret.²

119 2923 251 2966 nuncu.
324 2905 530 2980 Rotbertus‚
560 2904 729 2969 Willelmi
766 2904 858 2982 regis
888 2904 1150 2984 primogenitus,
1182 2923 1223 2967 eo

108 2989 189 3027 mm
295 3003 365 3065 uod
400 3002 651 3066 Normanniam
719 3019 799 3063 uam
829 3001 895 3063 sibi
921 3008 1001 3063 ante
1033 3001 1222 3063 adventum

108 3048 240 3136 immi·
269 3021 381 3180 ilpsius
398 3101 434 3162 in
450 3099 628 3179 Angliam,
650 3019 767 3162 boilum
783 3098 947 3179 Philippo
970 3117 1052 3178 rege
1072 3097 1224 3161 Franco-

269 3216 347 3258 rum
381 3196 536 3271 dederat,
566 3196 742 3277 possidere
777 3215 846 3258 non
871 3196 1010 3270 licebat,
1040 3195 1234 3258 Franciam

269 3294 368 3368 adiit,
402 3301 437 3357 et
464 3294 595 3356 auxilio
622 3293 777 3373 Philippi
807 3293 911 3371 regis,
943 3293 978 3353 in
1008 3291 1225 3355 Normannia

269 3409 434 3470 magnam
459 3390 656 3470 frequenter
673 3390 827 3470 praedam
851 3391 990 3470 agebat,
1007 3389 1108 3452 villas
1127 3409 1224 3474 com·

267 3489 429 3563 burebat,
460 3487 614 3550 homines
642 3489 843 3567 perimebat,
875 3494 912 3550 et
940 3487 1033 3567 patri
1063 3507 1127 3551 suo
1156 3507 1225 3550 non

269 3604 416 3666 parvam
432 3585 625 3648 molestiam
642 3592 677 3646 et
692 3586 905 3647 anxietatem
919 3584 1101 3648 inferebat.

375 3804 383 3836 ¹
402 3807 525 3868 Ingulphi
538 3807 607 3856 Hist.
792 3801 802 3831 ²
818 3807 880 3855 Sax.
893 3806 988 3856 Chron.
1003 3820 1027 3853 a.
1042 3809 1115 3854 1076.
