3074 4508
376 330 442 396 270
632 349 879 398 courruunrro
903 345 1095 400 cuaourcr·

377 505 478 569 terris
502 504 711 588 supradictis
731 503 945 568 summaliter
966 502 1240 588 foris-judicatus
1257 511 1328 581 est,
1411 549 1416 555 -

377 607 562 687 spoliatuS,
578 606 778 681 ‚frustratus
809 613 843 668 et
874 605 1042 686 privatus.
1108 602 1329 667 Suboruatur

378 711 494 766 tamen
521 704 624 765 aliter
650 705 694 766 ab
721 705 893 785 aliquibus
924 703 993 766 ista
1023 702 1204 766 temeraria
1233 720 1325 784 prae·

376 802 550 881 sumptio:
574 802 665 882 quod
684 803 843 866 videlicet
862 811 1029 866 terrarum
1051 820 1190 864 suarum
1210 807 1325 865 trans-

376 900 599 975 marinarum,
625 907 746 981 utpote
770 902 830 982 qui
850 901 916 964 iter
935 920 1033 964 suum
1062 901 1097 963 iu
1121 899 1323 981 obsequium

376 999 488 1061 crucis
520 998 708 1061 salutiferae
734 998 934 1074 devoverat,
965 998 1161 1081 hujusmodi
1192 998 1323 1063 foedere

375 1104 568 1172 contracto,
636 1096 759 1179 majori
821 1115 885 1160 rex
941 1095 1079 1179 Angliae
1140 1097 1321 1163 securitati
1366 1120 1371 1128 ’

374 1195 572 1275 provideret
618 1202 653 1258 et
693 1194 810 1277 quieti.
886 1194 1020 1259 Habita
1060 1194 1168 1276 igitur
1210 1195 1322 1261 libera

374 1293 530 1373 plenaria
556 1301 591 1358 et
617 1293 762 1375 pacifica
786 1294 1002 1375 possessione
1032 1302 1067 1356 et
1096 1294 1321 1377 dispositione

374 1400 545 1457 terrarum
590 1393 789 1468 earundem,
826 1392 1090 1475 Anglorumque
1128 1412 1208 1473 rege
1248 1413 1320 1459 uon

374 1500 445 1554 tam
472 1493 668 1557 voluntarie
706 1512 810 1575 quam
843 1493 1024 1556 temerarie
1055 1499 1090 1557 et
1122 1490 1318 1558 inconsulte

372 1591 423 1654 sic
437 1594 590 1665 cedente,
614 1611 636 1655 a
658 1592 759 1655 dictae
780 1592 1049 1672 perturbationis
1074 1591 1227 1668 muliere,
1248 1590 1318 1673 ipsi

371 1686 566 1770 Anglorum
594 1690 668 1771 regi
695 1689 857 1768 dirigitur
886 1692 922 1751 in
955 1691 1136 1767 mandatis
1164 1710 1202 1753 se
1230 1690 1318 1754 nulli

371 1786 559 1863 hominum,
588 1794 623 1850 et
652 1786 843 1868 praesertim
868 1795 976 1850 tautae
1000 1788 1114 1851 aetatis
1138 1789 1225 1864 viro,
1251 1808 1316 1852 un·

371 1884 494 1965 quam¹
518 1886 608 1950 velle
630 1886 795 1949 maritari.
847 1885 893 1948 Et
914 1886 965 1949 sio
980 1893 1099 1968 optato
1115 1886 1174 1950 sed
1193 1886 1315 1951 illicito

370 1985 493 2048 merito
523 1987 710 2049 frustratus
746 1985 977 2062 matrimonio,
1008 1986 1150 2069 antiquo
1179 1986 1315 2069 praede·

370 2073 544 2148 cessurum
585 2103 737 2158 suorum,
784 2084 871 2166 proh
911 2084 1020 2160 dolor,
1059 2085 1216 2167 privatus
1259 2094 1316 2150 est

206 2216 298 2255 mm.
369 2183 590 2262 patrimonio.
657 2183 814 2245 Tandem
843 2201 924 2245 vero
954 2183 1043 2246 idem
1077 2202 1141 2246 rex
1173 2181 1313 2264 Angliae

205 2265 356 2307 ΜΝ·
369 2281 414 2343 ad
456 2300 518 2345 cor
556 2280 702 2357 rediens,
741 2279 893 2362 factique
934 2288 1007 2343 tam
1046 2282 1314 2363 praesumptuosi

369 2380 530 2459 quamvis
556 2398 633 2442 sero
662 2378 846 2460 poenitens,
875 2379 1061 2442 contractis
1090 2378 1312 2443 finitimorum

368 2484 440 2540 tam
478 2497 600 2559 regum
639 2496 744 2559 quam
786 2477 931 2541 aliorum
969 2485 1149 2559 potentum
1190 2479 1313 2560 copiis,

368 2575 534 2657 injuriam
555 2577 621 2639 sibi
638 2576 752 2639 taliter
769 2575 902 2639 illatam
920 2576 1168 2653 vindicaturus,
1186 2584 1313 2641 terras-

368 2693 436 2755 que
473 2694 556 2738 suas
591 2682 663 2737 tam
700 2675 935 2738 fraudulenter
970 2683 1158 2756 occupatas
1198 2675 1312 2739 vindi·

366 2780 520 2848 caturus,
557 2779 593 2835 et
629 2778 825 2836 terrestrem
861 2781 897 2835 et
939 2773 1098 2837 navalem
1134 2774 1310 2855 copiosum

366 2870 593 2953 congregavit
609 2871 810 2935 exercitum.
864 2870 972 2953 Cujus
991 2873 1181 2953 migratio,
1199 2871 1313 2936 Adul-

365 2971 485 3050 phum,
522 2989 637 3051 regem
665 2969 894 3047 Alemanniee,
933 2989 1117 3052 omnesque
1154 2970 1310 3053 ejusdem

365 3076 467 3131 terrae
507 3075 702 3148 magnates
748 3076 870 3149 utpote
913 3068 1208 3151 archiepiscopum
1240 3070 1310 3135 Co·

364 3166 480 3244 loniae,
504 3166 715 3244 Sicfredum;
743 3167 941 3248 episcopum
958 3167 1192 3245 Tractensem‚
1208 3167 1313 3233 alios-

364 3285 442 3346 que,
467 3273 538 3329 tam
566 3283 665 3345 reges
689 3283 792 3345 quam
826 3266 1018 3346 episcopos,
1044 3266 1229 3349 ducesque,
1253 3286 1312 3330 co·

363 3366 476 3441 mites,
527 3372 631 3446 atque
682 3382 801 3425 omnes
846 3372 1003 3445 potentes
1036 3362 1308 3428 Alemannorum

362 3463 505 3542 imperio
552 3462 790 3544 subjacentes;
844 3461 907 3525 hos
955 3463 1116 3543 praemiis,
1162 3463 1310 3544 illosque

361 3560 550 3623 foederibus
573 3559 801 3640 amicitiisque
819 3561 1017 3635 contractis,
1040 3561 1084 3623 ad
1108 3580 1206 3623 suam
1228 3580 1309 3642 par·

361 3666 429 3720 tem
449 3658 571 3722 allexit
587 3665 692 3738 atque
710 3658 857 3720 transire
875 3660 1000 3738 coegit.
1053 3659 1185 3740 Regem
1204 3660 1308 3722 etiam

362 3757 579 3838 Arragoniae,
605 3757 670 3819 sibi
698 3757 957 3832 amicissimum,
985 3775 1061 3819 cum
1095 3758 1240 3821 ducibus
1273 3766 1310 3822 et

360 3858 541 3919 comitibus
576 3855 771 3918 Proventiae
811 3863 846 3918 et
884 3855 1079 3934 Sabaudiae,
1118 3864 1153 3921 et
1189 3876 1308 3921 eorum

396 4036 402 4064 ¹
425 4032 555 4094 Unquam]
575 4033 632 4081 MS.
645 4033 765 4093 aliquam.
801 4032 855 4081 The
867 4033 954 4081 textis
966 4039 1079 4096 corrupt,
1093 4034 1143 4082 and
1158 4033 1200 4082 the
1211 4038 1281 4094 story
1292 4049 1309 4082 a

356 4102 472 4162 singular
482 4117 538 4149 one.
