3074 4508
372 330 439 393 212
631 346 876 395 courruunrro
900 347 1076 394 cunomcr

373 504 410 566 in
428 505 600 568 communi
614 523 692 567 cum
710 504 834 568 abbate
849 502 891 565 de
908 520 977 564 uno
995 520 1085 565 auno
1103 520 1165 583 pro
1181 517 1212 566 c.
1230 501 1322 577 libr,

375 609 410 666 et
426 604 584 666 similiter
606 623 668 682 pro
695 603 857 677 secundo,
872 601 998 663 abbate
1017 617 1050 662 1..
1065 618 1171 663 marc.
1187 608 1223 663 et
1239 619 1321 663 con·

373 709 480 763 ventu
509 717 539 763 c.
571 718 673 763 marc.
706 701 749 764 de
778 702 856 781 ipsa
885 699 1031 781 pecunia
1060 698 1320 763 contribuente:

375 797 495 859 addita
509 798 652 877 insuper
668 797 800 860 decima
815 798 1043 877 spiritualium
1056 797 1099 860 ad
1114 803 1320 861 conventum

374 895 608 975 spectantium
623 895 665 957 de
680 895 789 975 primo
807 914 908 970 anuo,
928 894 990 957 sed
1009 914 1077 958 non
1094 893 1136 958 de
1157 895 1320 957 secundo.

210 1006 316 1047 arumde
374 992 502 1068 Adam,
540 994 714 1074 quondam
750 994 880 1056 electus
911 991 1120 1067 Cantuariae,
1155 992 1319 1072 Angliam

209 1057 327 1145 1111111ῗῖ
374 1090 521 1167 rediens,
548 1091 715 1173 prioratui
749 1110 812 1154 suo
840 1097 893 1153 est
920 1091 1112 1154 restitutus
1170 1088 1320 1167 Quidam

209 1156 339 1293 ddffldndsih
373 1189 549 1271 malignus
566 1190 709 1270 spiritus
723 1189 759 1251 in
775 1208 865 1270 pago
882 1187 1169 1269 Rothomagensi,
1182 1188 1218 1249 in
1236 1188 1320 1252 villa

210 1265 236 1293 ‘'
262 1258 330 1303 ’Μ’
373 1307 453 1369 quae
470 1287 705 1352 Trobbleville
720 1288 857 1363 dicitur,
874 1288 1003 1350 multos
1020 1287 1151 1362 terruit,
1169 1287 1319 1368 parietcs

373 1387 519 1464 malleiS,
542 1396 646 1469 prout
669 1387 884 1463 audiebatur,
901 1395 937 1449 ct
959 1384 1047 1449 ostia
1070 1384 1260 1466 pulsand03
1285 1394 1320 1449 et

373 1485 581 1566 loquebatur
603 1487 753 1549 humana
776 1506 872 1561 voce,
895 1486 954 1549 sed
980 1504 1047 1548 nou
1071 1484 1262 1560 videbatur,
1285 1492 1320 1548 et

374 1587 577 1658 vocabatur,
602 1595 705 1666 prout
727 1587 801 1665 ipse
827 1584 927 1659 dixit,
955 1582 1148 1646 willelmus
1172 1582 1319 1647 Ardeus.

375 1679 635 1762 Frequentabat
673 1691 789 1744 autem
837 1682 974 1743 domum
1021 1681 1200 1761 cujusdam
1239 1680 1319 1743 boni

373 1776 532 1853 hominis
556 1778 613 1841 cui
644 1780 753 1841 multa
779 1777 871 1840 mala
894 1777 1074 1852 inferebat,
1103 1786 1137 1840 ct
1162 1776 1320 1840 similiter

372 1877 476 1938 uxori
507 1884 543 1939 et
571 1876 710 1940 familiae
737 1894 831 1953 suae3
876 1895 938 1939 nec
971 1875 1084 1955 fugari
1115 1875 1228 1955 potuit
1257 1885 1319 1940 aut

372 1975 484 2037 crucis
518 1974 630 2055 signo,
657 1984 720 2039 aut
749 1993 849 2057 aquae
879 1974 1065 2037 benedictae
1097 1974 1318 2055 aspersione;

372 2072 477 2135 immo
510 2074 651 2154 quando
682 2073 908 2155 conjurabant
939 2092 1016 2135 eum
1045 2073 1253 2147 sacerdotes,
1281 2073 1317 2136 in

372 2171 510 2232 nominc
541 2171 681 2235 Domini
712 2177 749 2233 ut
776 2171 961 2245 recederet,
987 2170 1173 2251 respondit,
1209 2169 1316 2233 ‘Non

372 2267 530 2330 recedam
547 2288 556 2346 3
579 2269 684 2332 immo
711 2267 741 2331 si
760 2268 913 2342 voluero,
930 2286 1047 2330 omnes
1068 2286 1130 2330 vos
1152 2266 1317 2330 occidam.

373 2364 450 2445 Ego
474 2367 562 2429 bene
588 2365 670 2429 novi
703 2384 850 2442 crucem,
877 2372 913 2428 et
944 2383 1071 2446 aquam
1103 2365 1318 2429 benedictam

372 2481 441 2526 non
456 2463 585 2529 timeo?
634 2464 914 2528 Conversabatur
927 2471 1043 2527 autem
1058 2463 1148 2527 idem
1164 2463 1317 2545 spirituS,

372 2560 408 2621 in
427 2563 581 2625 manerio
597 2569 632 2625 ct
648 2563 750 2625 domo
767 2561 987 2644 supradictis,
1005 2581 1027 2624 a
1048 2562 1137 2625 festo
1156 2561 1316 2625 Omnium

372 2656 580 2723 Sanctorum
598 2657 632 2743 [l
653 2657 777 2743 Nov.],
800 2678 911 2740 usque
932 2666 1013 2740 post
1039 2658 1318 2723 Purificationem

373 2755 411 2835 [2
428 2756 543 2837 Feb.],
559 2764 594 2820 et
609 2756 735 2820 multos
752 2775 926 2819 sermones
942 2755 1090 2820 lascivos
1108 2765 1144 2820 et
1158 2758 1319 2822 scurriles

372 2853 529 2932 protulit.
581 2855 736 2918 Tandem
749 2861 863 2918 autem
881 2853 1144 2936 Septuagesima
1159 2852 1197 2941 [5
1215 2853 1317 2940 Feb]

372 2952 526 3027 recessit,
549 2952 665 3016 dicens
691 2972 730 3015 se
755 2970 972 3015 reversurum
992 2953 1027 3014 in
1045 2952 1203 3033 Pascha3
1226 2953 1320 3036 quod

207 3067 442 3141 mamiaornon
471 3049 563 3113 fecit.
631 3049 805 3114 Henricus
836 3050 879 3113 de
910 3049 1103 3126 Sandwich,
1136 3051 1320 3134 episcopus

208 3117 356 3167 “⁰⁶⁰⁰'w''
372 3145 634 3221 Londoniensis,
664 3148 756 3228 apud
792 3148 959 3222 Horseth,
986 3149 1174 3211 manerium
1205 3168 1319 3225 suum,

373 3252 452 3326 post
471 3253 585 3309 totum
611 3246 822 3327 praelationis
853 3264 926 3308 suae
950 3252 1085 3327 tempus
1107 3247 1144 3308 in
1167 3247 1320 3309 maxima

372 3345 536 3423 angustia
559 3354 846 3418 consummatum,
864 3343 954 3406 diem
972 3343 1097 3406 clausit
1113 3351 1319 3420 extremum,

206 3461 359 3546 nemean,
371 3441 407 3502 in
423 3450 535 3507 octav.
552 3440 757 3506 Natiuitatis
776 3443 887 3504 beatae
905 3441 1026 3504 Mariae
1042 3442 1101 3520 [15
1114 3441 1244 3523 Sept.];
1265 3443 1320 3505 cui

205 3509 312 3599 elladi.
370 3541 538 3602 successit
566 3540 730 3621 magister
755 3539 935 3602 lohannes
954 3539 995 3601 dc
1019 3537 1208 3613 Chishulle,
1227 3540 1320 3622 ejus·

370 3636 447 3698 dem
463 3638 530 3701 loci
548 3639 711 3714 decanus,
729 3638 857 3700 electus
880 3638 916 3699 in
933 3637 1083 3699 crastino
1104 3636 1139 3699 S.
1158 3637 1320 3701 Nicholai

372 3731 408 3818 [7
437 3735 551 3821 Dec.].
599 3736 769 3799 Dominus
800 3754 892 3816 papa
916 3735 1010 3798 venit
1027 3734 1244 3816 Lugdunum,
1266 3753 1319 3799 xl.

370 3832 439 3895 kal.
467 3834 630 3898 Decemb.
661 3835 719 3916 [21
749 3834 859 3914 Nou]
912 3832 1086 3896 chricus
1116 3834 1158 3897 de
1188 3833 1320 3908 Bauns,

369 3933 464 4011 prior
493 3933 653 4009 Euensis,
692 3934 777 3997 obiit
812 3933 867 3994 die
902 3930 1040 3994 Natalis
1064 3931 1225 4009 Domini3
1265 3933 1321 3994 cui

370 4032 537 4094 successit
555 4031 578 4094 J
582 4031 735 4094 ohannes
759 4019 811 4092 de'
828 4029 1149 4109 Hemmingestone,
1168 4029 1321 4109 ejusdem
