3074 4508
353 349 419 413 242
603 364 851 412 conrruuarro
875 364 1049 412 ennomer

354 523 484 585 domini
519 522 698 587 Jobannes
737 524 778 587 ‹le
813 522 997 594 Lovethot,
1029 519 1222 583 Willelmus
1257 518 1301 581 de

356 623 526 694 Brunten,
547 622 709 702 Rogerns
729 623 771 685 de
788 622 991 704 Leycestre,
1012 628 1046 682 et
1065 617 1236 681 Robertus
1256 616 1299 679 de

357 720 572 800 Littlebery:
597 729 633 781 et
658 720 692 781 hi
719 721 857 801 quidem
883 720 925 784 de
951 720 1071 781 banco.
1124 716 1178 779 De
1202 715 1300 777 itine-

355 817 511 878 rantibus
545 815 683 879 fnerunt
722 819 851 881 domini
885 818 1047 881 Solomon
1076 815 1118 877 de
1151 812 1298 887 Bellen,

358 913 533 976 Ricardus
561 913 603 976 de
634 915 828 995 Boylaund,
854 916 1007 978 Thomas
1036 915 1078 977 de
1109 911 1302 987 Sudendou,

356 1011 535 1074 Walterus
564 1012 607 1074 de
641 1011 771 1092 Hopct,
799 1021 834 1075 et
866 1013 1041 1075 Robertus
1069 1011 1111 1073 de
1141 1010 1298 1073 Preston.

356 1108 424 1171 Sed
456 1109 589 1190 primis,
620 1111 655 1171 in
688 1111 755 1173 fine
786 1111 887 1173 istius
917 1109 1145 1191 parliamenti,
1173 1107 1303 1171 redem-

356 1207 475 1288 ptione
515 1209 715 1289 pecuniaria
757 1228 825 1271 non
865 1209 1000 1271 modica
1043 1206 1299 1280 interveniente,

357 1306 521 1382 dimissiS,
554 1307 679 1379 ultimi,
704 1326 784 1387 rege
815 1307 902 1369 alias
931 1326 968 1369 se
999 1305 1235 1380 transferente,
1265 1304 1301 1365 in

358 1406 434 1486 ipsa
454 1404 558 1467 Turri
581 1413 839 1483 remanserunt;
872 1404 931 1486 qui
956 1411 1028 1467 tum
1051 1403 1302 1477 incontinenti,

358 1523 427 1567 non
442 1504 574 1585 absque
589 1506 807 1568 conniventia
824 1504 932 1584 regia,
942 1504 1000 1565 sed
1017 1522 1057 1565 eo
1073 1500 1300 1584 praecipiente,

194 1617 304 1705 qqhnqr.
315 1618 339 1656 or
358 1622 451 1665 mere
466 1605 617 1682 priorum
636 1605 679 1666 ad
695 1604 834 1684 propria
849 1609 932 1665 sunt
943 1602 1082 1665 reversi.
1114 1600 1137 1664 J
1140 1600 1301 1670 ohannes,

221 1677 263 1714 Μ
279 1693 296 1711 ”
359 1699 509 1761 Eiiensis
526 1701 718 1781 episcopuS,
739 1701 868 1762 domini
891 1702 981 1778 regis
1004 1700 1250 1772 thesaurarius,
1266 1698 1303 1758 in

359 1797 511 1858 crastino
541 1796 832 1860 Annunciationis
860 1797 902 1859 B.
936 1796 1057 1858 Marioe
1091 1792 1149 1878 [26
1181 1791 1303 1875 Mar.],

359 1893 450 1974 apud
470 1893 538 1976 Ely
554 1893 643 1958 diem
666 1895 790 1959 clausit
811 1902 1017 1968 extremum
1046 1894 1101 1956 cni
1117 1893 1172 1955 die
1187 1891 1305 1956 Coenae

193 1992 518 2097 qqgeeequproximo
545 1993 671 2056 ibidem
707 1993 892 2057 honorifice
923 1993 1106 2066 tumulato,
1137 1991 1303 2055 suecessit

195 2068 326 2147 ιὲαῖω
358 2092 526 2172 magister
569 2091 765 2155 willelmus
809 2091 851 2155 de
896 2090 1004 2164 Lude,
1047 2091 1304 2154 archidiaconus

359 2189 605 2252 Dunelmensis
623 2196 658 2252 et
676 2190 825 2252 decanus
849 2189 884 2251 S.
905 2189 1050 2251 Martini
1070 2188 1193 2267 Magni
1213 2186 1305 2249 Lon·

358 2286 483 2360 doniae,
496 2287 695 2367 dominique
711 2287 802 2366 regis
818 2286 861 2348 de
877 2286 1069 2365 garderoba
1087 2304 1151 2348 sua
1166 2284 1305 2347 thesen-

194 2398 346 2455 Joanpreere
360 2384 485 2458 rariuS,
502 2383 634 2446 electus
651 2399 699 2448 iv.
716 2384 763 2447 id.
777 2382 865 2445 Maii
881 2384 942 2463 [12
959 2383 1075 2464 Maii}
1128 2381 1304 2445 Gilbertus

194 2448 287 2485 married
296 2451 318 2485 to

194 2496 317 2584 quemn
360 2481 403 2543 de
432 2480 547 2554 Clare,
584 2501 699 2545 comes
724 2480 934 2552 Gloverniae,
965 2481 1065 2545 duxit
1095 2482 1131 2543 in
1162 2498 1303 2543 uxorem

221 2550 326 2585 mm
360 2579 533 2642 dominam
549 2578 757 2652 iohannem,
781 2579 907 2643 dictam
928 2581 970 2643 de
993 2578 1096 2652 Acre,
1113 2579 1195 2659 quia
1214 2578 1305 2659 apud

359 2676 517 2740 Aeonem
530 2687 615 2739 nata
637 2683 699 2750 est,
715 2676 822 2738 filiam
839 2678 930 2757 regis
946 2675 1095 2756 Angliae,
1115 2677 1234 2739 ultimo
1249 2676 1304 2738 die

193 2788 295 2878 'qffi
359 2776 486 2836 mensis
501 2772 644 2854 Aprilis,
664 2774 755 2855 apud
772 2773 1132 2837 westmonasterium.
1178 2773 1305 2837 Eodem

256 2848 269 2887 ⁸
296 2864 303 2877 ’
359 2872 426 2945 die,
438 2872 474 2934 in
489 2873 577 2934 mari
588 2872 808 2945 Marmarico,
816 2871 924 2954 juxta
934 2872 970 2935 S.
984 2871 1203 2945 Matthaeum,
1217 2872 1308 2934 inter

360 2970 574 3032 Baionenses
595 2977 629 3033 et
645 2969 808 3051 Quinque
828 2970 956 3033 Portus
972 2977 1007 3033 et
1018 2968 1306 3032 Gernemutenses

360 3086 404 3129 ex
423 3087 491 3130 una
508 3076 620 3148 parte,
637 3075 672 3130 et
687 3068 901 3132 Flandrense
922 3068 1098 3147 navigium
1119 3087 1163 3130 ex
1185 3067 1305 3142 altera,

359 3173 520 3228 exortum
544 3174 598 3229 est
617 3167 741 3229 navale
759 3167 887 3229 bellum
910 3166 1158 3230 saevissimum:
1184 3166 1242 3227 ubi
1265 3165 1308 3228 de

361 3263 625 3327 Flandrensinm
649 3265 867 3328 multitudine
885 3265 1111 3347 permaxima,
1127 3270 1201 3326 tum
1216 3282 1308 3345 aque

359 3369 433 3424 tum
461 3363 542 3442 igne
574 3363 714 3444 injecto,
747 3370 821 3425 tum
854 3365 957 3426 etiam
992 3364 1096 3425 armis
1131 3362 1305 3444 jugulata,

359 3461 506 3522 navibus
542 3461 646 3523 etiam
674 3481 791 3524 eorum
821 3463 995 3543 plerisque
1026 3460 1222 3533 submersis,
1248 3458 1308 3521 ali·

359 3557 484 3637 quibus
498 3577 581 3621 vero
600 3558 838 3634 concrematis,
862 3558 1007 3638 aliisque
1029 3559 1093 3619 sibi
1113 3557 1206 3638 fugae
1220 3576 1309 3638 pree·

358 3655 446 3717 sidio
472 3656 743 3727 consulentibus,
769 3656 918 3719 victoria
943 3657 1055 3737 potita
1074 3663 1127 3719 est
1150 3674 1231 3737 pars
1252 3655 1310 3717 ad-

195 3769 333 3856 qeqquq
359 3771 470 3814 versa.
525 3753 695 3816 Dominus
711 3774 774 3816 rex
791 3774 917 3834 regem,
939 3761 1073 3835 patrem
1088 3773 1201 3829 suum,
1217 3752 1308 3833 apud

193 3824 321 3915 Ἇῖυτῗῖιῗ.
358 3849 709 3914 Westmonasterium
728 3853 987 3926 intumulatum,
1000 3860 1100 3915 noete
1116 3851 1308 3915 Dominicae

299 3976 301 3980 ¹
358 3947 582 4012 Ascensionis
608 3947 666 4033 [10
684 3949 800 4034 Maii],
823 3952 937 4014 subito
960 3958 994 4013 et
1019 3951 1198 4030 inopinate
1217 3966 1308 4010 amo-

358 4048 431 4108 veri
449 4046 541 4121 fecit,
558 4055 592 4110 et
608 4049 643 4109 in
659 4048 736 4111 loco
753 4049 955 4119 excelsiore,
967 4048 1074 4128 juxta
1088 4047 1124 4108 S.
1142 4045 1308 4108 Eadwar·
