3074 4508
373 317 417 379 96
624 328 870 377 cortmnuamo
894 327 1067 373 crinorum

374 494 456 548 ante
482 485 604 559 altare,
627 502 753 564 magna
779 479 1053 555 honorificentia,
1081 479 1178 558 regia
1205 496 1325 541 recon-

374 586 467 649 ditur
483 585 595 666 gleba.

494 722 558 780 Rex
573 721 621 780 hic
635 720 791 779 Heinricus
807 720 926 778 terrenis
941 719 1025 777 rebus
1040 717 1160 794 opimus,

496 818 621 895 Ereptus
636 817 737 895 poenis,
752 816 816 874 coeli
831 816 964 893 potiatur
976 813 1106 874 amoenis.

206 1005 346 1046 camenam
427 980 507 1059 Quo
538 983 688 1063 sepulto,
717 992 751 1047 et
778 985 955 1065 Stephano
987 989 1167 1062 regnante,
1195 1000 1327 1045 necnon

207 1056 313 1154 'i‘iiissrfa
373 1080 484 1144 multo
519 1090 612 1157 ante,
646 1082 773 1162 ubique
806 1082 961 1144 locorum
993 1100 1056 1162 per
1087 1079 1251 1160 Angliam
1290 1089 1327 1145 et

375 1178 640 1255 Normanniam,
665 1180 803 1259 dirupto
830 1181 926 1260 pacis
951 1179 1093 1253 foedere,
1116 1177 1265 1258 plurima
1287 1178 1327 1243 fit

374 1279 595 1341 disturbatio.
643 1276 801 1359 Quisque
827 1279 861 1340 in
892 1276 1039 1341 alterum
1056 1284 1163 1358 caput
1188 1276 1324 1353 clevat3

374 1396 452 1459 quae
478 1378 589 1441 oritur
615 1377 798 1452 discordia,
820 1377 857 1439 in
884 1375 1056 1439 vastando
1089 1376 1204 1438 omnia
1228 1376 1326 1439 nobi·

372 1476 457 1537 lium
481 1484 517 1538 et
533 1476 750 1557 ignobilium,
771 1475 844 1538 alta
867 1493 996 1556 magna
1021 1494 1061 1538 ac
1085 1474 1223 1537 diversa
1244 1474 1326 1536 sub·

373 1574 480 1636 intrat
493 1575 622 1636 moenia
635 1593 644 1651 ;
664 1575 809 1656 quisque
822 1575 928 1636 alium
941 1575 1042 1636 rebus
1054 1572 1192 1654 spoliat,
1203 1582 1326 1654 potens

374 1671 598 1751 impotentem
636 1673 669 1733 ri
706 1673 882 1752 opprimit,
918 1680 1090 1753 quaestum
1128 1690 1232 1750 super
1262 1672 1327 1735 hoc

373 1776 532 1847 agentem
554 1770 656 1830 minis
674 1771 822 1842 territat,
837 1769 913 1831 neci
932 1769 1079 1830 traditur
1096 1769 1156 1848 qui
1172 1769 1325 1842 resistit;

373 1866 527 1948 opulenti
552 1866 649 1947 regni
676 1867 874 1948 optimates,
899 1867 1029 1930 divitiis
1052 1865 1244 1942 affluentes,
1264 1869 1329 1931 mi-

372 1967 464 2028 nime
491 1973 681 2047 procurant
708 1984 811 2046 quam
842 1965 948 2047 impie
971 1972 1165 2028 tractentur
1190 1965 1325 2038 miseri3

373 2065 440 2126 sibi
455 2066 598 2145 suisque
614 2063 787 2127 duntaxat
803 2064 1009 2136 consulunt;
1030 2065 1110 2126 vitae
1124 2065 1327 2126 necessariis

374 2162 520 2225 castella
543 2171 579 2225 et
601 2160 729 2243 oppida
757 2163 928 2234 muniunt,
951 2179 1056 2223 manu
1083 2160 1225 2223 militari
1248 2180 1326 2224 cum

374 2261 480 2322 armis
506 2261 695 2335 instruunt,
722 2259 846 2322 timent
868 2259 968 2338 regni
992 2248 1231 2335 mutationem,
1257 2279 1327 2323 non

374 2358 491 2420 animo
529 2376 714 2438 supernam
754 2356 1007 2439 perpendentes
1045 2357 1326 2438 dispositionem

374 2455 636 2536 investigabiles
659 2457 749 2519 enim
773 2464 857 2519 sunt
873 2455 938 2518 riae
961 2455 1047 2536 ejus
1100 2456 1194 2518 Dum
1210 2464 1327 2519 autem

374 2555 418 2617 ob
434 2555 568 2634 regium
584 2562 761 2629 terrorem,
773 2554 905 2635 rugitui
920 2554 1029 2617 leonis
1045 2554 1327 2635 comparandum,

374 2654 490 2715 omnia
505 2653 670 2716 deberent
684 2654 762 2734 paci
777 2653 911 2727 cedere,
923 2651 999 2734 jam
1011 2652 1047 2713 in
1061 2652 1217 2732 pluribus
1229 2652 1327 2730 locis,

374 2757 410 2813 et
436 2751 589 2813 maxime
610 2752 647 2812 in
664 2751 794 2826 Walia‚
815 2750 1039 2831 depopulatio
1063 2757 1096 2812 et
1117 2750 1329 2833 depraedatio

373 2848 514 2911 minime
529 2857 664 2927 cessat3
691 2849 771 2912 hinc
787 2850 960 2930 conjicere
981 2849 1059 2929 quis
1081 2849 1221 2928 poterit,
1236 2850 1328 2930 quod

373 2947 539 3010 mediocri
570 2946 754 3028 prudentia
785 2947 1017 3027 imbecillique
1049 2945 1265 3022 fortitudine,
1292 2956 1329 3011 et

374 3047 486 3126 magis
503 3045 676 3126 injustitia
703 3065 807 3127 quam
825 3045 979 3127 justitia,
997 3045 1159 3124 aquibus
1175 3046 1249 3125 regi
1266 3047 1328 3108 de·

374 3144 444 3217 bet,
477 3145 611 3224 regitur
644 3143 785 3224 Anglia.
838 3143 881 3206 In
913 3151 1081 3223 regnante
1114 3143 1263 3205 avaritia
1294 3151 1330 3206 et

374 3242 411 3303 in
427 3242 614 3323 cujuslibet
630 3242 770 3304 honoris
796 3241 983 3304 ambitione
998 3241 1161 3322 pessima,
1178 3242 1237 3303 vix
1263 3242 1327 3303 ali·

374 3359 443 3419 qua
468 3341 678 3414 intercurrit,
695 3361 773 3420 quae
798 3350 910 3402 mater
930 3346 984 3402 est
1000 3339 1181 3412 virtutum,
1199 3349 1330 3420 tempe·

206 3458 303 3518 stophen
374 3438 497 3501 nantia.
535 3438 615 3501 Rex
632 3438 824 3519 Anglorum
844 3438 1043 3518 Stephanus
1057 3438 1209 3516 equestri
1220 3437 1329 3500 milite

206 3509 302 3596 ἓῗέἵὲῗῗ
374 3543 409 3596 et
420 3537 573 3615 pedestri
586 3538 740 3598 exercitu
753 3544 900 3612 armato,
916 3536 1146 3598 Domnaniam
1159 3543 1330 3614 penetrat,

374 3633 471 3712 longi
502 3635 666 3714 temporis
692 3637 806 3714 spatio
839 3634 1118 3696 Exancestrense
1147 3633 1330 3695 castellum

206 3733 590 3806 u211mm0ntobsessuruS,
618 3731 711 3812 quod
743 3731 958 3806 Baldwinus,
997 3732 1039 3793 de
1079 3730 1238 3794 Redvers
1274 3750 1330 3795 co·

205 3803 346 3892 ῗιξῗιῗὲἶῖἓ.
372 3830 548 3911 gnomiue,
572 3839 693 3893 contra
724 3832 856 3910 regiam
890 3831 1109 3911 majestatem
1149 3830 1329 3891 munierat.

372 3929 422 3992 At
438 3930 574 3992 demum
602 3930 653 3991 bis
681 3929 740 4010 qui
766 3930 860 3991 intus
887 3936 997 4002 erant,
1020 3929 1100 3990 vitae
1126 3927 1330 3988 necessariis

371 4026 624 4102 deficientibus,
651 4028 855 4107 dextrisque
883 4027 973 4088 datis
1000 4035 1035 4088 et
1063 4025 1229 4104 acceptis,
1256 4025 1330 4105 ipse
