3074 4508
328 328 393 390 102
575 341 821 390 courruuurro
847 342 1020 390 crinorum

164 513 259 601 ,⁸³th
330 498 487 563 Emensis
519 501 652 565 festivis
683 501 802 564 dicbus
833 499 1024 563 Dominicae
1058 498 1277 572 NativitatiS,

165 573 272 701 {effi
329 618 392 662 rex
417 598 612 681 Anglornm
640 600 849 682 Stephanus
875 606 913 662 nt
934 597 1081 660 nominis
1104 598 1159 660 sui
1179 615 1277 659 coro-

185 672 268 708 Μ’
330 695 430 760 nam¹
450 700 616 778 regaliter
640 709 769 775 teneat,
794 700 884 762 sicut
910 697 1006 778 prius
1029 696 1278 768 Exanceastre,

331 795 382 857 sic
432 797 689 860 Bedefordense
733 797 912 860 castellum
964 797 1030 858 sibi
1081 795 1278 865 adversum,

167 905 287 994 mg-
332 910 411 954 cum
442 896 596 957 exercitu
631 895 767 959 obsedit
796 903 833 958 et
865 895 968 975 cepit.
1018 893 1150 957 Audito
1183 896 1278 972 post·

168 1006 263 1045 berum·
332 989 473 1051 modum
496 993 618 1053 nuntio
642 992 685 1053 de
711 991 860 1054 hostium
886 993 1088 1073 irruptione,
1110 998 1278 1055 terrarum

332 1087 585 1163 devastatione,
594 1088 754 1151 villarum
766 1091 1052 1164 concrematione,
1061 1087 1279 1151 castellorum

333 1193 369 1250 et
385 1186 589 1267 oppidorum
614 1186 826 1261 obsessione,
841 1187 877 1248 in
892 1205 996 1248 manu
1015 1185 1131 1248 valida
1147 1185 1279 1248 North-

333 1286 504 1367 ymbriam
524 1284 753 1366 proficiscitur
763 1291 776 1357 ;’
800 1304 868 1365 qno
883 1284 1020 1346 nondiu
1037 1290 1203 1358 moratus,
1218 1283 1279 1346 vix

334 1385 378 1447 ad
402 1384 492 1447 velle
518 1404 618 1447 suum
645 1403 707 1466 pro
733 1384 858 1463 quibus
881 1383 968 1446 ierat
985 1383 1147 1464 peractiS,
1168 1382 1279 1446 rediit.

170 1498 310 1596 ml&
336 1481 468 1545 Ferunt
490 1484 550 1563 qui
578 1492 748 1546 noverunt
771 1500 793 1544 a
816 1482 970 1563 pluribus
997 1482 1142 1545 diversae
1165 1481 1280 1561 gentis

169 1600 246 1635 aaran.
334 1579 492 1643 hostibus
523 1580 591 1642 fero
621 1600 684 1643 sex
711 1582 883 1643 mensibus
914 1580 1123 1643 indicibilem
1153 1580 1281 1643 factam

333 1677 559 1756 irruptionem
584 1678 618 1738 in
645 1677 906 1758 Northymbria,
932 1688 967 1740 et
993 1698 1054 1758 per
1079 1679 1155 1740 loca
1180 1678 1281 1755 louge

333 1781 368 1836 et
383 1792 492 1853 prope
509 1772 714 1854 adjacentia.
749 1773 942 1855 Capiuntur
956 1775 1189 1855 quamplures
1203 1792 1282 1854 spo-

332 1871 471 1948 liantur,
481 1871 751 1946 incarcerantur,
763 1873 971 1947 cruciantur,
984 1873 1048 1935 viri
1059 1872 1283 1936 ecclesiastici

332 1987 397 2050 pro
413 1970 516 2032 rebus
532 1968 686 2033 ecclesiae
699 1971 775 2034 neci
789 1971 986 2047 traduntur,
1000 1990 1179 2034 numerum
1195 1970 1286 2035 occi-

333 2085 450 2130 sorum
468 2087 514 2131 ex
532 2077 652 2132 nostra
669 2067 725 2132 vel
744 2068 879 2131 illorum
898 2077 997 2150 parte
1014 2071 1076 2132 vix
1094 2070 1172 2150 quis
1188 2069 1284 2131 valet

171 2181 228 2230 Pone
237 2181 322 2220 Lero·
333 2183 548 2229 enumerare.
622 2166 798 2228 Defuncto
835 2167 1025 2246 apostolico
1062 2168 1138 2229 viro
1177 2166 1284 2229 Petro

335 2262 464 2349 Leone,
488 2263 655 2326 successit
680 2263 919 2338 Innocentius,
944 2264 987 2326 ad
1013 2263 1282 2326 satisfactionem

333 2360 552 2424 venientibus
566 2361 700 2424 cunctis
716 2360 825 2442 quiin
841 2367 940 2442 parte
957 2361 1054 2424 Petri
1067 2369 1188 2425 contra
1204 2381 1282 2426 eum

334 2465 529 2533 tenuerant,
541 2466 575 2523 et
589 2459 780 2539 pacificatis
792 2459 829 2523 in
840 2461 1011 2524 omnibus.
1042 2459 1284 2537 Quividelicet

334 2557 549 2637 apostolicus
577 2557 632 2621 die
661 2557 825 2621 Peschali
855 2557 978 2621 Romae
1006 2559 1222 2622 consecravit
1246 2558 1282 2621 in

334 2656 535 2735 episcopum
545 2654 716 2718 Ostiensis
728 2656 883 2719 ecclesiae
893 2653 1108 2730 Albericnm,
1120 2657 1280 2720 abbatem

334 2751 580 2815 Verzelliensis
596 2753 759 2816 ecclesiae.

347 2891 485 2940 QUOMODO
506 2891 641 2948 numus,
662 2893 695 2934 nt
716 2892 789 2934 DOLO
810 2892 1016 2934 usntomums
1037 2891 1099 2932 ΒΜ
1118 2891 1283 2945 OAHUS,1N

491 2971 610 3012 numm
630 2972 730 3014 FOBMA
750 2960 924 3014 ΜΟΗΔΟΗῙῘΒ2
944 2972 988 3014 sm
1008 2972 1123 3012 FAOE'UB.

169 3086 289 3125 imina.
385 3063 485 3127 Inter
501 3065 575 3128 haec
597 3064 690 3128 fama
707 3067 845 3129 volarat
860 3085 923 3147 per
944 3066 1125 3129 circuitum
1147 3064 1212 3127 boc
1232 3065 1285 3126 fa·

166 3135 214 3174 leue
222 3146 294 3175 occur·

168 3189 262 3244 nucea
334 3168 427 3225 ctum
449 3162 672 3226 miraculum:
702 3162 743 3226 In
766 3165 1064 3246 archiepiscopatu
1080 3163 1285 3226 Treverensi

169 3234 276 3342 iiiiii?
334 3260 530 3323 coenobium
546 3261 659 3324 nobile
676 3262 781 3325 situm
796 3270 861 3338 est,
878 3263 969 3343 qnod
988 3262 1131 3324 Prumia
1146 3261 1284 3335 dicitur,

167 3332 308 3420 iiiii&
333 3359 369 3420 in
387 3358 518 3421 honore
533 3368 732 3422 sanctorum
749 3358 996 3441 Apostolorum
1015 3360 1112 3422 Petri
1130 3366 1166 3421 et
1181 3358 1284 3420 Pauli

334 3456 544 3529 dedicatum,
559 3459 602 3519 ab
618 3457 771 3538 antiquis
787 3460 1000 3540 temporibus
1016 3477 1038 3519 a
1053 3457 1191 3537 Pipino,
1204 3476 1284 3536 rege

336 3553 563 3630 Francorum,
589 3563 689 3635 patre
720 3553 844 3618 Karoli
870 3556 1005 3636 Magni,
1029 3554 1223 3627 fundatum,
1248 3555 1283 3616 iu

335 3671 405 3732 qua
421 3652 501 3713 talis
519 3653 567 3714 rei
591 3653 740 3728 novitas,
764 3656 807 3716 ab
826 3656 984 3716 omnibus
999 3652 1125 3715 ibidem
1142 3671 1285 3715 conver·

333 3750 504 3826 sentibus,
526 3750 692 3814 accidisse
707 3751 875 3814 refertur:
902 3751 1061 3829 Quodam
1079 3769 1191 3825 mane,
1207 3770 1282 3813 cnm

332 3849 494 3910 cellarius
528 3849 679 3930 ejusdem
711 3851 924 3925 monasterii,
958 3849 1080 3912 cellam
1105 3848 1284 3924 vinariam,

367 4019 508 4070 'Nominis
529 4024 568 4070 sui
587 4021 718 4091 commum]
762 4026 793 4073 ln
855 4022 1037 4086 littorariae]
1062 4026 1091 4072 C.
1111 4023 1156 4071 lias
1179 4003 1213 4084 ni,
1242 4024 1284 4072 tlre

331 4091 439 4138 allusion
453 4098 478 4137 to
490 4093 529 4139 liis
541 4107 621 4140 name.
821 4094 895 4142 usual
907 4094 1060 4142 contractiori
1072 4093 1110 4140 ior
1121 4092 1203 4140 modo.
