3074 4508
366 331 432 395 148
550 415 558 427 ⁸
612 348 863 396 conrrnunrro
887 350 1063 397 onnourcr

368 501 410 564 de
435 513 547 566 morte
567 503 833 567 cantuariensis
856 503 1034 585 martyris,
1052 502 1148 564 etde
1171 498 1248 561 aliis
1266 516 1321 560 ee-

368 601 573 664 clesiasticis
591 602 834 682 dignitatibus,
851 611 886 665 et
904 609 1008 683 prout
1026 600 1122 662 Deus
1142 599 1190 660 eis
1211 595 1320 658 admi·
1379 588 1382 593 ’

368 701 533 761 nistrarct
542 700 780 781 judicandam.
814 700 889 782 Ipsi
905 720 987 764 vero
1003 699 1063 780 qui
1079 697 1228 760 Romam
1240 712 1320 774 pro-

369 795 450 858 t'ecti
461 796 598 860 fuerant
607 799 643 860 in
656 797 721 860 hac
731 799 843 861 forma
856 800 1070 880 scripserunt
1079 795 1215 859 domino
1223 792 1296 872 regi
1310 810 1319 854 ε

369 972 506 1012 aeterum
527 973 711 1014 cuumcoaort
733 976 817 1016 antus
834 976 873 1015 ln
894 975 991 1028 Iesum,
1006 973 1077 1022 Quos
1097 971 1201 1013 auum
1221 956 1321 1010 mola)

206 1105 348 1201 Inie‘tffitfgom
423 1088 613 1173 Carissimo
625 1091 766 1153 domino
778 1111 856 1166 suo,
869 1091 1037 1167 Henrico,
1047 1090 1172 1154 illustri
1186 1088 1322 1168 Angliee

206 1204 244 1242 th·
253 1213 344 1251 emon·
371 1189 459 1268 regi,
471 1188 550 1250 duci
563 1189 599 1251 N
602 1190 791 1252 ormanniae
804 1197 840 1252 et
851 1188 1066 1270 Aquitaniae,
1079 1197 1114 1251 et
1123 1187 1238 1251 comiti
1247 1187 1320 1250 An-

372 1287 543 1367 degaviae,
562 1285 621 1350 R.²
640 1289 748 1350 abbas
765 1288 953 1361 Wallatiae,
972 1286 1031 1351 ΒΞ
1055 1285 1322 1350 Salesburiensis

372 1386 651 1462 archidiaconus,
678 1384 740 1449 R.²
771 1383 1019 1450 Lexoviensis³
1050 1384 1322 1457 archidiaconus,

375 1484 421 1546 R.
453 1485 577 1560 Barre,
613 1493 647 1547 et
686 1485 854 1566 magister
891 1484 1080 1560 Henricus,
1111 1482 1255 1546 salutern
1289 1488 1324 1543 et

372 1581 474 1644 fidele
490 1583 525 1644 in
543 1586 703 1646 omnibus
719 1593 755 1646 et
770 1585 968 1665 ubicunque
980 1583 1195 1664 obsequium.
1247 1579 1321 1642 No-

373 1681 463 1741 verit
481 1691 601 1742 restra
615 1681 796 1761 majestas
815 1683 907 1761 quod
925 1701 1002 1743 curn
1022 1681 1195 1744 Ricardus
1213 1678 1321 1740 Barre

372 1794 437 1838 nos
471 1778 720 1856 praecessisset,
755 1787 790 1840 et
831 1798 908 1841 cum
948 1778 1058 1839 multo
1097 1775 1247 1856 periculo
1288 1781 1323 1836 et

372 1875 576 1955 gravamine
602 1894 665 1938 nos
690 1875 734 1937 ad
761 1877 891 1938 curiam
921 1874 1050 1940 domini
1074 1892 1174 1956 papae
1196 1891 1324 1953 praeve-

373 1973 494 2048 nisset,
541 1992 604 2036 nos
647 1980 800 2054 quatuor
840 1994 918 2038 cum
964 1975 1099 2037 duobus
1141 1971 1323 2053 episeopis,

374 2078 425 2133 et.
445 2071 577 2135 decano
617 2072 842 2147 Eboracensi,
876 2081 911 2136 et
950 2073 1117 2152 magistro
1151 2069 1212 2144 Η.,
1245 2088 1323 2132 cnm

374 2168 486 2230 multa
522 2168 725 2231 difficultate
758 2172 916 2232 venimus
946 2188 1059 2249 usque
1093 2164 1225 2230 Seras!
1269 2165 1325 2228 lbi

375 2265 497 2327 diebus
534 2266 668 2346 aliquot
704 2266 837 2329 detenti
874 2266 1015 2329 fuimus.
1076 2264 1200 2328 Comes
1233 2263 1325 2326 enim

376 2361 555 2425 Macarius
594 2364 645 2425 sic
680 2382 726 2425 ex
763 2365 856 2428 omni
891 2373 991 2447 parte
1028 2365 1102 2427 vias
1126 2353 1326 2436 obsidebat,

375 2461 469 2542 quod
501 2461 587 2523 nulli
620 2463 766 2542 patebat
797 2482 969 2543 egressus.
1031 2461 1120 2524 Cum
1150 2479 1231 2524 vero
1261 2478 1324 2522 nos

376 2565 529 2638 quatuor
551 2578 628 2621 eum
651 2561 839 2641 episcopis,
856 2561 917 2641 qui
938 2561 1126 2642 plurimum
1148 2559 1244 2621 exire
1265 2558 1325 2619 de·

374 2657 588 2732 siderabant,
614 2677 683 2720 non
710 2660 956 2739 potuissemus,
980 2659 1016 2720 in
1041 2657 1195 2720 maxima
1219 2655 1326 2718 animi

376 2755 541 2834 angustia
552 2755 668 2835 positi,
681 2775 725 2818 ex
743 2758 917 2820 communi
931 2756 1091 2830 consilio,
1101 2752 1213 2817 media
1223 2760 1325 2816 nocte

375 2860 412 2915 ct
424 2851 576 2914 latenter
587 2855 760 2917 exivimus
772 2876 780 2933 ;
804 2861 839 2918 et
854 2856 904 2918 sic
915 2874 979 2935 per
992 2854 1142 2934 abrupta
1155 2851 1325 2914 montium

376 2957 411 3012 et
432 2968 494 3029 per
516 2950 595 3012 loca
616 2950 688 3014 fere
708 2953 816 3028 invia,
832 2954 898 3015 sub
920 2970 1048 3032 magno
1069 2952 1192 3013 timore
1213 2956 1248 3010 et
1263 2968 1324 3029 pe·

375 3046 498 3121 riculo,
525 3049 665 3110 tandem
686 3053 846 3113 venimus
877 3049 1129 3113 Tusculanum.
1181 3046 1236 3109 Ibi
1262 3046 1326 3109 Ri-

375 3145 519 3206 cardum
543 3146 666 3222 Barre,
682 3149 725 3210 de
751 3156 869 3211 vestro
895 3148 1039 3223 honore,
1059 3147 1149 3209 sicut
1170 3145 1326 3219 decebat,

375 3241 576 3318 sollicitum,
593 3252 628 3306 et
646 3246 690 3307 ad
708 3254 859 3309 vestram
880 3245 1069 3308 utilitatem
1087 3243 1275 3324 prudenter
1291 3249 1327 3305 et

374 3341 549 3403 instanter
566 3343 783 3405 laborantem
804 3345 1021 3419 invenimus3
1047 3342 1191 3404 multum
1208 3347 1325 3402 tumen

375 3439 620 3501 contristatum
634 3442 872 3516 etconfusum,
883 3442 966 3521 quia
984 3458 1047 3503 nec
1063 3439 1220 3501 dominus
1235 3456 1327 3519 papa

376 3553 453 3596 eum
466 3543 658 3616 receperat,
670 3557 734 3600 nec
746 3539 806 3601 alii
815 3540 984 3618 benignos
996 3545 1030 3599 et
1039 3537 1209 3599 humanos
1224 3556 1262 3598 se
1275 3536 1326 3598 illi

374 3632 592 3697 exibuerunt.
639 3635 716 3698 Nos
732 3645 850 3699 autem
868 3637 1046 3699 venientes
1063 3635 1220 3715 dominus
1236 3653 1327 3716 papa

374 3749 444 3792 non
463 3731 592 3808 videre,
608 3752 671 3796 nec
688 3735 731 3796 ad
752 3735 922 3808 osculum,
937 3752 1001 3796 nee
1020 3733 1062 3794 ad
1078 3733 1200 3814 pedem
1216 3732 1327 3795 voluit

411 3902 417 3931 ¹
435 3905 532 3968 Misit]
551 3906 658 3968 Becket,
670 3907 786 3967 Epistv.
799 3911 840 3956 83.
903 3904 1108 3970 ’LexovimJ
1132 3906 1170 3956 Oi
1182 3905 1331 3965 Lexorium,

866 3976 983 4024 Lisieux.

408 4037 481 4101 ςΚ]
501 4043 604 4090 Robert,
903 4043 913 4071 ⁴
930 4043 1030 4104 Senos]
1049 4043 1151 4092 sienne.
