3074 4508
311 324 355 386 84
561 339 809 387 courmunmo
835 339 1008 386 ermonici

359 497 456 562 Idem
476 498 676 575 cardinalis,
693 497 816 561 relicta
840 495 982 576 Anglia,
1011 493 1263 558 Normanuiam

148 609 299 678 tirannum
315 597 424 671 vadit,
441 616 482 660 ac
498 598 633 660 demum
654 597 840 659 revertitur·
856 592 1030 659 Romam.¹
1064 593 1264 658 Willclmus

147 665 230 748 ῗιοέἶὴὲῗ
314 715 453 777 quoque
493 696 787 777 archiepiscopus,
825 693 1045 757 considerans
1083 692 1263 754 ecclesiam

313 795 412 873 regni
428 793 622 874 Anglorum
638 795 673 856 in
697 793 851 857 ecclesiae
869 790 1137 856 Cantwariensis
1152 790 1265 854 humi-

314 891 460 953 liatione
487 892 588 970 gravi
610 891 775 954 scandalo
797 899 1066 965 consternatam,
1082 890 1208 952 transit
1230 897 1266 952 et

316 989 391 1070 ipse
414 1007 522 1063 mare,
539 988 689 1052 Romam
711 989 837 1062 iturus,
859 990 962 1050 rebus
978 1008 1056 1070 quae
1079 1007 1148 1050 non
1165 1006 1265 1069 aeque

316 1094 573 1168 processerant,
592 1105 635 1148 ne
658 1086 733 1166 pari
748 1086 1003 1149 exorbitatione
1020 1086 1169 1167 amplius
1184 1104 1266 1167 pro·

316 1185 491 1260 cederent,
510 1202 610 1266 opem
631 1203 694 1266 pro
722 1202 824 1264 posse
847 1184 994 1247 laturus.
1047 1184 1155 1248 Venit
1180 1203 1264 1266 ergo

317 1284 481 1361 Romam,
504 1291 541 1346 et
569 1284 612 1345 ab
645 1282 815 1357 Honorio,
839 1301 973 1345 summo
1004 1282 1178 1363 pontifice,
1205 1284 1266 1364 qui

318 1382 461 1447 Calixto
491 1390 718 1458 successerat,
752 1381 939 1445 honorifice
969 1391 1152 1462 susceptus
1185 1389 1263 1455 est;

151 1494 293 1542 inarrotnted
317 1483 374 1542 cui
406 1481 498 1543 idem
531 1483 745 1562 apostolicus
774 1482 868 1543 vices
897 1499 979 1543 suas
1007 1480 1042 1541 in
1066 1480 1196 1560 Anglia
1231 1489 1268 1543 et

150 1543 220 1589 leuare
230 1544 252 1581 in

152 1591 302 1637 narrandam
319 1578 454 1641 Scottia
488 1581 672 1656 commisit,
696 1589 731 1642 et
763 1579 965 1660 apostolicae
995 1580 1086 1643 sedis
1112 1578 1266 1659 legatum

150 1643 258 1680 scotland.

319 1678 512 1740 mmmmt

160 1789 290 1828 anina
371 1772 453 1836 Rex
476 1773 671 1854 Anglorum
696 1775 883 1838 Heinricus
905 1774 1069 1855 Angliam
1097 1794 1269 1851 reversus,

152 1855 306 1944 ῗξξῑζῖξξξξῗ
320 1873 356 1934 in
380 1871 579 1936 Nativitate
602 1874 744 1937 Domini
762 1874 821 1955 [25
837 1874 940 1955 Dec]
959 1875 1090 1936 curiam
1112 1893 1212 1937 suam
1232 1876 1269 1937 in

320 1979 436 2034 castro
455 1972 547 2053 quod
563 1972 806 2036 Windleshora
821 1982 966 2036 vocatur
981 1973 1081 2036 diviti
1094 1982 1268 2055 apparatu

319 2070 528 2144 celebravit3
557 2079 594 2134 ct
614 2072 698 2134 illuc
717 2071 824 2134 totius
847 2073 944 2150 regni
966 2071 1181 2134 nobilitatem
1204 2091 1270 2134 sua

152 2185 290 2234 antarpot
319 2170 499 2231 sanctione
523 2168 701 2232 adunavit.
754 2168 824 2232 Ubi
841 2188 920 2231 cum
947 2169 1175 2231 Eboracensis
1196 2170 1271 2251 epi·

152 1955 259 1994 Windsor.

153 2235 294 2326 dixirim*
321 2285 460 2347 scopus,
471 2267 506 2328 in
517 2266 719 2347 aequalitate
729 2266 979 2349 archiepiscopi
989 2266 1270 2343 cantuariensis,

322 2383 437 2445 regem
472 2365 577 2428 vellet
608 2385 787 2442 coronare,
818 2365 978 2447 exemplo
1013 2375 1270 2430 antecessorum

321 2482 476 2538 suorum,
488 2464 622 2546 judicio
646 2465 797 2527 omnium
821 2464 979 2546 repulsus
997 2472 1062 2539 est,
1080 2472 1115 2528 et
1129 2466 1174 2528 ad
1192 2485 1271 2528 eum

321 2580 486 2625 coronam
515 2563 614 2642 regni
638 2563 724 2626 nihil
749 2564 921 2644 pertinere
936 2582 1006 2626 una
1021 2564 1174 2626 omnium
1190 2582 1270 2627 sen-

322 2662 433 2723 tentia
460 2661 678 2724 concorditer
699 2661 946 2742 promulgavit.
999 2660 1109 2724 Lator
1130 2663 1272 2749 insuper

321 2760 445 2834 crucis,
463 2778 568 2839 quam
586 2759 622 2820 in
641 2760 732 2839 regis
755 2759 890 2841 capelia
912 2778 950 2822 se
972 2778 1087 2822 coram
1105 2759 1189 2823 iecit
1210 2760 1271 2823 de·

321 2856 416 2932 ferri,
447 2864 551 2919 extra
582 2856 750 2938 capellam
784 2877 862 2921 cum
895 2877 997 2920 cruce
1030 2858 1163 2940 ejectus
1195 2867 1270 2921 est;

317 2954 451 3036 judicio
469 2956 560 3018 enim
579 2957 820 3036 episcoporum
836 2965 870 3020 et
887 2975 1104 3037 quorumque
1121 2957 1272 3036 pruden-

294 3103 298 3107 .
321 3052 409 3114 tium
426 3053 679 3117 ecclesiasticas
702 3055 797 3134 leges
820 3055 1001 3117 scientium
1018 3056 1202 3134 probatum
1219 3063 1274 3118 est

321 3169 362 3212 ac
378 3152 594 3226 roboratum,
617 3151 703 3214 nulli
729 3151 960 3232 metropolitae
976 3159 1078 3215 extra
1095 3152 1271 3216 dioecesim

155 3268 297 3318 mennon
320 3267 420 3312 suam
433 3269 569 3312 crucem
582 3247 707 3313 liceree
722 3249 812 3313 serre
828 3257 908 3312 ante
919 3269 969 3312 ser
1014 3250 1139 3313 Finitis
1151 3250 1273 3314 diebus

154 3319 297 3416 {liidie
320 3346 568 3424 festivioribus
584 3368 647 3411 rex
657 3368 698 3411 ac
711 3356 786 3410 tota
799 3367 877 3428 quae
892 3348 1108 3410 confluxerat
1120 3348 1273 3428 dignitas

155 3422 177 3455 ‘⁰
190 3418 306 3458 mmm*
320 3446 418 3524 regni
437 3445 658 3508 Lundoniam
684 3446 789 3518 vadit,
811 3446 928 3526 ibique
944 3446 987 3508 ad
1008 3445 1144 3527 jussum
1168 3448 1273 3526 regis,

320 3541 521 3606 Willelmus
550 3543 829 3624 archiepiscopus
856 3551 891 3606 et
921 3544 1076 3629 ecclesiae
1104 3544 1274 3608 Romanae

319 3639 470 3721 legatus
510 3642 697 3722 caeterique
731 3640 891 3722 Anglicae
929 3642 1079 3723 regionis
1121 3643 1277 3725 episcopi

321 3757 453 3814 omnes,
465 3759 544 3802 cum
557 3740 771 3820 principibus
791 3749 891 3803 terrae
902 3741 1025 3823 ipsius,
1034 3741 1101 3804 fide
1113 3749 1147 3804 et
1158 3761 1276 3805 sacra·

356 3992 363 4022 ¹
384 3996 658 4057 RevertiturRomam.]
676 3996 787 4044 Domum
849 3998 982 4060 ²Licere.]
1012 3998 1045 4046 So
1074 3998 1136 4045 edit.
1164 3997 1281 4059 ‘facere'

319 4066 462 4111 revertitur.
480 4066 511 4113 L.
816 4067 845 4114 C.
858 4067 889 4113 L.
