3074 4508
312 352 379 416 228
566 362 813 413 courmrmmo
836 361 1011 408 crinorum

315 522 468 604 propria,
487 539 564 582 cum
581 519 723 581 solemni
744 515 923 580 transtulit
937 522 1121 597 apparatu,
1137 524 1171 578 et
1186 532 1264 578 cum

317 622 447 683 honore
478 639 545 682 non
579 618 713 680 modico
746 615 889 679 honeste
927 613 963 675 in
1002 613 1160 695 partibus
1193 612 1266 675 suis

318 717 461 781 tradidit
508 714 706 794 sepultura.
782 711 968 788 RicarduS,
1008 711 1268 774 archidiaconns

320 812 584 886 Wintonieusis,
621 810 751 873 dudum
778 813 844 874 loci
879 811 1034 891 ejusdem
1062 810 1204 885 electus,
1231 809 1267 870 in

311 931 462 975 monum
493 908 618 972 summi
648 907 821 989 pontificis
848 909 1041 988 resignavit
1070 908 1268 971 electionem

322 1012 365 1074 de
387 1011 464 1088 ipso
487 1009 614 1070 iactam
637 1008 679 1069 ad
707 1006 944 1087 episcopatum
968 1007 1125 1069 ecclesiae
1145 1024 1271 1069 memo-

159 1130 294 1175 romaro.
324 1117 431 1179 ratae;
457 1126 559 1186 quem
575 1106 694 1168 statim
713 1105 871 1167 dominus
887 1123 980 1185 papa
995 1105 1142 1168 contulit
1165 1103 1270 1183 magi-

159 1185 239 1222 deaeon
248 1181 272 1218 ol

160 1233 248 1275 naor,
325 1214 399 1270 stro
415 1204 569 1268 Johanni
599 1204 642 1265 de
668 1202 859 1283 Punteyse,
877 1202 1121 1266 archidiacono
1144 1201 1273 1265 Exoni-

161 1276 304 1368 ἓῗῗιῖὴῖἵὶῖἶ.
326 1305 411 1369 ensi.
448 1302 530 1366 Rex
545 1302 784 1374 Tar-tororum,
799 1320 869 1363 una
884 1319 962 1362 cum
978 1300 1272 1382 Hospitalaribos,

327 1423 405 1467 cum
432 1402 578 1465 soldano
601 1400 800 1476 dimicavit3
824 1400 859 1461 in
888 1418 957 1479 quo
982 1400 1146 1462 conflictu
1177 1400 1273 1463 casis

328 1502 474 1582 paganis
492 1507 614 1582 captus
630 1507 684 1562 est
706 1500 780 1580 ipse
803 1497 979 1573 soldanus,
1001 1505 1037 1561 et
1054 1498 1145 1579 apud
1160 1498 1274 1580 Baby·

166 1621 265 1680 rnna„
328 1601 455 1663 loniam
487 1599 626 1661 arctiori
654 1597 819 1660 custodias
852 1597 1121 1661 commendatus.
1181 1597 1275 1659 Alie·

165 1670 277 1757 ddl‘ffm
328 1716 425 1770 nora,
468 1698 589 1775 regina
633 1695 780 1774 Angliae,
822 1694 915 1774 apud
959 1693 1136 1757 Rothelan
1171 1694 1275 1756 filiam

167 1767 291 1807 nonnam.
330 1794 478 1875 peperit,
504 1811 607 1871 quam
640 1792 780 1854 vocavit
813 1789 1064 1853 Elizabetham.
1117 1789 1277 1867 Isabella,

331 1892 510 1955 comitissa
521 1890 564 1953 de
585 1888 756 1962 Arundel,
775 1889 864 1952 diem
889 1888 1055 1951 claudens
1077 1896 1278 1966 extremum,

167 2011 313 2058 mamam.
331 1989 426 2071 apud
452 1989 614 2052 Marham
637 1987 813 2069 sepelitur.
866 1986 1041 2067 Magister
1065 1987 1215 2051 Thomas
1236 1988 1279 2051 dc

167 2061 310 2157 pponam,
334 2087 543 2168 Cantelupo,
576 2088 759 2169 episcopus
796 2084 1078 2161 Heresordensis,
1117 2085 1153 2147 in
1185 2086 1281 2149 curia

170 2185 499 2253 ‚uocantum-Romana
514 2184 739 2264 defungitur3
763 2183 819 2246 cui
837 2202 899 2263 per
921 2184 1124 2245 electionem
1147 2201 1280 2246 succes·

170 2255 300 2344 dlfdssl‘ld‘}
320 2282 381 2345 -sit
409 2283 577 2363 magister
599 2279 772 2344 Ricardus
802 2279 845 2342 de
872 2279 1081 2355 Swinefield,
1112 2279 1280 2344 archidia-

335 2399 446 2444 conus
473 2378 740 2442 Londoniensis.
796 2376 1044 2453 Herimannus
1073 2378 1165 2440 filius
1192 2378 1283 2458 regis

335 2476 565 2553 Alemanniae,
604 2478 664 2558 qui
708 2475 815 2538 filiam
858 2476 951 2556 regis
991 2474 1129 2556 Angliae
1171 2477 1285 2540 suerat

335 2576 621 2656 desponsaturum
645 2576 785 2637 incaute
812 2593 917 2654 super
939 2573 1093 2654 glaciem
1113 2575 1286 2655 gradiens

337 2674 419 2755 gelu
436 2674 605 2736 dissoluto
622 2672 803 2753 glacieque
826 2672 1034 2752 interrupta,
1057 2673 1156 2754 aquis
1180 2674 1285 2737 iuter·

337 2779 460 2853 ceptus
486 2778 592 2852 atque
615 2769 805 2833 suffocatus
833 2776 898 2832 est.
962 2770 1030 2832 Die
1055 2770 1091 2834 S.
1112 2770 1286 2835 Francisoi

338 2876 442 2933 natus
460 2876 514 2932 est
531 2868 554 2930 J
557 2868 684 2932 ohanni
699 2868 741 2930 de
760 2869 937 2948 Hastinge
954 2868 1046 2931 filius
1064 2888 1147 2932 snus
1161 2870 1286 2950 primo·

337 2968 488 3049 genitus
525 2986 625 3049 quem
655 2968 795 3030 vocavit
824 2965 1052 3030 Willelmum.
1089 2968 1287 3031 :Dominus

338 3066 493 3128 Thomas
536 3065 744 3139 ‘Lenobaud
801 3063 1064 3128 archidiaconus
1113 3064 1287 3142 Suffolch„

339 3164 462 3244 vigilia
486 3164 520 3227 S.
540 3163 657 3225 Luoiae
680 3159 739 3244 [12
753 3160 868 3245 Dec.],
895 3163 987 3242 apud
1013 3162 1171 3225 Horltam
1197 3163 1286 3227 diem

340 3262 467 3325 clausit
508 3270 712 3323 extremum.
785 3260 955 3323 Dominus
996 3279 1059 3323 rex
1104 3261 1287 3326 celebravit

343 3359 473 3424 Natale
492 3360 631 3422 Domini
647 3358 739 3438 apud
756 3357 931 3422 Rothelan
947 3359 983 3420 in
1000 3357 1140 3422 Wallia.

392 3457 516 3520 Totius
547 3456 687 3537 Angliae
722 3458 950 3519 communitas
992 3453 1211 3518 tricesimum
1230 3459 1289 3521 dc·

343 3556 475 3616 narium
497 3555 648 3618 omnium
668 3554 845 3616 mobilium
872 3572 1025 3628 suorum,
1045 3555 1081 3615 in
1100 3555 1288 3617 subsidium

341 3672 476 3734 guerrae
505 3671 590 3727 suae,
618 3654 827 3732 equitatura,
857 3657 1048 3725 armatura,
1075 3652 1234 3717 thesauro
1255 3663 1290 3718 et

341 3751 536 3831 gardoroba
577 3751 752 3813 duntaxat
787 3750 995 3830 exceptans,
1031 3749 1169 3813 domino
1216 3754 1289 3833 regi

341 3839 597 3912 concesserunt.
660 3848 703 3910 ln
731 3848 830 3929 cujus
857 3849 1013 3928 pecuniae
1041 3850 1291 3913 contributione

342 3948 485 4011 allocari
512 3947 593 4009 fecit
617 3966 679 4009 rex
705 3954 813 4009 totam
838 3948 1019 4027 pecuniam
1047 3965 1138 4009 anno
1162 3966 1288 4027 praece-

342 4044 444 4107 dente
477 4047 542 4106 sub
579 4047 692 4106 mutui
727 4064 824 4126 spem
859 4046 914 4106 vel
949 4044 1065 4107 colore
1097 4045 1292 4126 ubicunque
