3074 4508
424 338 618 386 ruonnnru
648 336 937 385 wrconnrnnsrs.
1114 325 1156 388 11

208 490 401 555 fautoribus
417 512 564 574 coepere.
609 493 677 556 Sed
695 493 942 557 Herefordensi
956 492 1088 570 comiti,
1104 513 1159 571 ne,
1172 514 1320 610 puppem!

208 588 355 652 Sabrina
383 593 622 667 transvadato,
649 592 803 654 Radulfo
832 592 948 655 comiti
970 591 1016 654 ad
1044 591 1160 655 locum
1172 612 1282 660 muner

209 687 419 752 destinatum
443 708 522 752 cum
546 709 611 752 suo
629 691 786 753 exercitu
807 697 1014 766 occurreret,
1031 690 1162 753 restitit
1173 662 1301 758 diffisi?

208 784 392 849 Wlstanus
427 786 668 867 Wigornensis
702 789 885 870 episcopus
919 807 996 851 cum
1032 806 1161 869 magna
1174 759 1325 857 ἓὲἔὲῗξῧέῗ

208 883 350 946 militari
387 903 504 960 manu,
545 892 581 948 et
616 886 810 966 AEgelwius
847 885 1161 948 Eoveshamnensis
1174 858 1330 898 ⁰¹⁰⁰⁰⁸⁸¹¹⁶⁸⁸

209 982 317 1044 abbas
333 1001 414 1045 cum
429 983 514 1058 suis,
530 984 647 1046 ascitis
664 983 731 1046 sibi
746 984 782 1046 in
798 983 1007 1065 adjutorium
1025 981 1163 1047 Ursone

209 1079 412 1143 vicecomite
427 1080 621 1161 Wigornae,
636 1089 672 1145 et
686 1081 845 1146 Waltero
867 1082 910 1145 de
926 1081 1066 1159 Leceio,
1083 1101 1163 1144 cum

210 1177 318 1258 copiis
347 1179 432 1253 suis,
464 1187 500 1241 et
528 1188 656 1243 caetera
686 1180 906 1243 multitudine
937 1180 1059 1260 plebis.
1112 1178 1163 1242 At

210 1293 292 1338 vero
332 1274 485 1339 Radulso
530 1278 661 1352 comiti,
702 1296 810 1358 prope
849 1276 1165 1357 Grantebrycgiam

211 1375 484 1447 castrametanti,
512 1374 590 1437 Odo
612 1375 813 1439 Baiocensis
833 1375 1029 1456 episcopus,
1056 1373 1165 1438 frater

210 1471 314 1549 regis,
351 1480 387 1535 et
425 1472 609 1536 Gosfridus
651 1472 926 1537 constantiensis
965 1473 1164 1553 episcopus,

211 1579 423 1648 congregata
448 1589 576 1650 magna
597 1572 709 1652 copia,
737 1580 808 1635 tam
833 1569 1028 1651 Anglorum
1057 1589 1164 1653 quam

211 1665 520 1743 Nortmannorum,
551 1667 595 1730 ad
622 1669 750 1730 bellum
783 1669 896 1747 parati
926 1676 1163 1730 occurrerunt.

212 1763 294 1844 Ipse
311 1774 428 1829 autem
446 1785 528 1829 suos
545 1773 691 1829 conatus
713 1764 880 1828 infirmari
902 1782 1057 1839 cernens,
1074 1766 1164 1826 mul-

209 1861 390 1925 titudinem
407 1865 642 1927 resistentium
659 1862 800 1939 veritus,
818 1862 862 1926 ad
873 1862 1054 1926 Northwic
1069 1862 1164 1925 clan-

209 1958 288 2022 culo
305 1959 445 2040 refugit,
463 1968 498 2023 et
515 1961 659 2024 castello
673 1980 747 2023 suae
771 1961 912 2041 conjugi
928 1960 1165 2040 militibusque

174 2066 177 2071 ⁴
209 2056 282 2119 suis
313 2058 565 2134 commendato,
595 2076 740 2121 ascensa
768 2058 850 2120 navi
882 2057 926 2119 de
955 2054 1088 2137 Anglia
1119 2056 1164 2120 ad

209 2155 375 2218 minorem
393 2157 621 2237 Brytanniam
640 2155 749 2235 fugit:
775 2174 878 2235 quem
898 2154 1090 2235 fugientem
1101 2153 1163 2217 ad-

210 2254 354 2316 versarii
377 2253 471 2316 illius
487 2255 643 2328 insecuti,
662 2271 781 2317 omnes
797 2272 884 2334 quos
908 2252 950 2315 de
975 2253 1049 2314 suis
1072 2271 1163 2315 com·
1228 2280 1231 2284 ’

209 2349 420 2429 prehendere
442 2359 604 2431 poterant
626 2350 683 2414 vel
705 2350 963 2424 interemerunt,
978 2350 1034 2414 vel
1050 2349 1164 2411 diver-

209 2447 257 2508 sis
273 2447 385 2510 modis
402 2447 682 2512 debilitaverunt.
734 2449 825 2511 Dein
848 2448 1020 2528 principes
1036 2447 1163 2511 castel·

209 2543 280 2606 lum
309 2544 442 2608 tamdiu
475 2545 694 2621 obsederunt,
722 2544 837 2626 quoad
863 2564 949 2626 pace
976 2544 1064 2631 data*
1082 2563 1161 2625 per-

209 2642 316 2704 missu
333 2643 438 2724 regis,
455 2644 640 2707 comitisse
663 2662 740 2706 cum
764 2644 837 2706 suis
861 2644 956 2718 exire
967 2641 1014 2712 ,de
1031 2641 1162 2723 Anglia

208 2738 339 2804 liceret.
407 2740 477 2804 His
500 2743 627 2822 gestis,
638 2760 702 2804 rex
727 2741 919 2806 autumnali
941 2748 1095 2821 tempore
1118 2739 1161 2803 de

209 2835 428 2901 Normannia
444 2839 591 2916 rediens,
616 2841 777 2903 comitem
792 2839 970 2918 Rogerum
986 2838 1022 2899 in
1045 2844 1161 2900 custo-

209 2933 267 2996 dia
281 2937 420 3015 posuit;
447 2938 608 3000 comitem
631 2937 736 2998 etiam
754 2936 1003 3011 Waltheofum,
1017 2934 1099 2997 licet
1116 2935 1161 2997 ab

209 3051 250 3094 eo
273 3033 543 3096 misericordiam
572 3035 778 3114 expetierat,
810 3033 975 3096 custodiae
1004 3031 1161 3096 tradidit.

210 3127 374 3209 Edgitha,
385 3131 477 3210 regis
490 3130 641 3193 Haroldi
650 3149 827 3212 germana,
841 3131 1014 3211 quondam
1023 3128 1160 3208 Anglo-
1174 3155 1250 3197 auten

210 3246 285 3303 rum
300 3228 433 3306 regina,
447 3227 611 3292 Decemb.
624 3247 753 3303 mense,
764 3244 840 3290 xlv.
848 3227 916 3293 kal.
929 3227 952 3291 J
954 3226 1090 3289 aunarii
1101 3227 1161 3306 [19
1174 3205 1314 3254 mmm

210 3322 313 3404 Dec]
329 3325 477 3387 decessit
487 3323 694 3398 Wintoniae3
709 3325 808 3406 cujus
822 3343 946 3405 corpus
957 3324 1050 3404 regis
1056 3323 1162 3404 jussu

197 3420 427 3484 v·Lundoniam
439 3423 603 3497 delatum,
610 3422 717 3503 juxta
729 3441 853 3503 corpus
863 3422 992 3484 domini
1001 3421 1056 3483 sui
1068 3421 1161 3500 regis

210 3519 393 3582 Eadwardi
404 3520 588 3584 honorifice
604 3521 703 3582 estin
721 3519 1030 3582 Westmonasterio
1044 3525 1161 3581 tumu-

210 3615 337 3694 latum3
362 3619 421 3680 ubi
439 3637 502 3681 rex
526 3619 686 3698 proxima
703 3617 899 3681 Nativitate
916 3617 1047 3679 curiam
1061 3634 1161 3677 suam

210 3716 332 3788 tenuit,
365 3722 401 3777 et
433 3734 478 3776 ex
517 3716 566 3777 eis
604 3715 664 3796 qui
695 3722 817 3778 contra
858 3714 956 3776 illum
993 3713 1160 3776 cervicem

209 3819 404 3884 erexerant,
429 3812 471 3873 de
489 3811 619 3891 Anglia
643 3812 811 3893 quosdam
844 3811 1030 3891 exlegavit,
1057 3827 1161 3889 quos·

208 3909 287 3971 dam
315 3910 422 3971 erutis
440 3909 561 3981 oculiS,
579 3909 633 3971 vel
657 3911 815 3971 manibus
839 3907 1020 3981 truncatis,
1045 3905 1161 3968 detur-

208 4008 312 4085 pavit.
368 4006 521 4070 Comites
542 4025 624 4069 vero
643 4005 880 4068 Waltheosum
910 4014 945 4068 et
970 4005 1161 4084 Rogerum,
