3074 4508
437 343 628 392 rnonnnru
657 343 934 392 wreonrunnsrs.
1101 331 1166 394 117

213 497 379 580 Angliam
391 499 504 575 rediit,
515 508 550 563 et
561 501 651 582 apud
664 501 887 565 Portesmuth
901 502 1070 583 applicuit
1082 513 1165 568 aute

213 597 341 660 sestum
371 598 490 662 Sancti
519 598 615 663 Petri
645 601 688 662 ad
713 599 877 677 Vincula,
906 600 977 663 kal.
1006 601 1100 682 Aug.
1126 600 1163 688 [l

214 695 339 782 Ang.],
358 717 439 778 rege
458 705 540 760 tunc
558 698 809 780 Merlebergam
835 700 1036 763 obsidente:
1062 702 1162 783 cnjus

214 796 367 858 adventu
389 796 502 860 factus
528 805 582 860 est
601 800 758 860 omnibus
780 819 843 880 per
860 797 1027 879 Angliam
1051 807 1163 863 terror

212 895 410 958 immensus.
441 894 520 972 Quo
534 896 663 971 audito,
675 915 738 959 rex
752 896 949 978 Anglorum
964 894 1162 977 Stephanus

213 993 328 1056 animo
345 995 558 1071 movebatur,
574 1005 608 1058 et
620 995 673 1057 bis
689 995 748 1076 qui
764 996 919 1058 marinos
935 1004 1058 1076 portus
1070 997 1159 1077 vigi-

211 1091 298 1155 lanti
332 1111 416 1154 cura
445 1094 629 1157 observare
666 1094 867 1170 debuerant,
900 1094 1159 1175 indignabatur.

214 1190 296 1254 Rex
319 1199 373 1254 est
390 1192 496 1272 paciS,
514 1200 585 1256 eto
600 1194 730 1256 utinam
759 1213 823 1256 rex
841 1194 985 1274 vigoris,
998 1193 1160 1275 justitiae,

212 1298 395 1352 conterens
407 1293 469 1353 sub
485 1293 628 1373 pedibus
643 1293 809 1367 inimicos,
822 1300 857 1354 et
872 1310 974 1373 aequa
991 1292 1089 1354 lance
1102 1291 1161 1374 ju·

211 1387 292 1450 dicii
307 1389 492 1452 decernens
507 1390 634 1464 omnia,
650 1391 685 1452 in
703 1391 825 1453 robore
848 1389 1061 1452 fortitudinis
1079 1410 1161 1453 con·

211 1505 355 1548 servans
371 1494 407 1549 et
419 1490 643 1550 corroborans
659 1489 754 1569 pacis
772 1488 913 1552 amicos.
960 1488 1030 1552 Ubi
1046 1497 1161 1554 autem

210 1586 309 1648 novit
324 1587 537 1666 err-reginam
555 1587 644 1667 apud
662 1585 818 1650 Arundel
844 1589 1160 1670 ert-imperatricem

210 1703 288 1746 curn
327 1686 448 1765 grandi
485 1686 650 1749 comitatu
686 1705 749 1749 suo
787 1687 971 1767 recepisse,
1008 1686 1163 1766 graviter

211 1782 337 1859 ferens,
373 1783 433 1847 illo
464 1785 572 1848 movit
600 1786 800 1848 exercitum.
854 1782 904 1846 At
936 1783 998 1846 illa
1029 1784 1160 1863 regiam

210 1881 425 1963 majestatem
443 1885 564 1958 verita,
574 1892 608 1946 et
625 1884 748 1946 timens
763 1902 806 1945 ne
820 1882 1037 1964 dignitatem,
1056 1900 1161 1963 quam

208 1997 271 2058 per
310 1977 474 2060 Angliam
512 1981 689 2055 habuerat,
725 1980 897 2062 perderet,
929 1980 1161 2062 jurejurando

202 2076 302 2158 jurat
332 2079 502 2141 neminem
528 2079 743 2140 inimicorum
769 2096 911 2140 suorum
937 2097 1000 2158 per
1021 2097 1060 2140 se
1085 2076 1161 2140 An-

208 2175 316 2254 gliam
359 2177 510 2257 petiisse,
543 2177 603 2240 sed
633 2177 731 2240 salva
760 2176 932 2256 dignitate
963 2194 1039 2250 sua,
1075 2176 1161 2240 viris

208 2274 440 2350 auctoritatis,
470 2282 592 2357 utpote
622 2276 687 2338 sibi
716 2275 890 2357 quondam
920 2274 1160 2352 familiaribus,

208 2370 394 2452 hospitium
409 2375 579 2437 annuisse.
616 2373 696 2451 Quo
710 2392 773 2435 rex
789 2373 921 2448 audito,
931 2373 994 2435 illa
1007 2373 1159 2446 dimissa,
1173 2390 1309 2480 ldssffl‘gssss,

209 2471 525 2551 ex·imperatrice1n
544 2471 588 2534 ad
604 2471 783 2535 castellum
807 2471 1064 2534 Bricstowense
1077 2489 1161 2533 con·
1173 2491 1304 2529 marin

209 2568 335 2631 ducere
365 2568 465 2631 fratri
493 2588 570 2643 suo,
597 2569 830 2633 Wintoniensi
862 2563 1043 2650 episcopo,
1069 2539 1294 2633 sicutmm

210 2673 396 2746 cognatam
412 2686 522 2744 suam,
537 2686 615 2730 cum
630 2667 759 2731 bonore
774 2668 954 2750 praecepit,
972 2667 1047 2748 ipse
1065 2663 1160 2730 vero¹

207 2782 271 2826 rex
313 2765 472 2828 comitem
512 2767 742 2847 persequitur.
815 2764 878 2828 Nil
921 2772 1038 2828 autem
1076 2765 1163 2829 certi

207 2862 352 2926 audiens
370 2863 413 2926 de
428 2882 481 2939 eo,
499 2864 656 2944 quaedam
677 2864 766 2926 enim
791 2864 999 2927 diverticula
1015 2863 1059 2926 ad
1075 2857 1163 2926 tem·

208 2980 275 3041 pus
298 2962 357 3024 ille
376 2963 534 3042 petierat,
558 2962 812 3042 expeditionem
833 2963 942 3024 movit
958 2980 1028 3042 quo
1045 2961 1172 3042 dispo··

208 3059 288 3121 suit.
341 3060 429 3122 Milo
452 3060 736 3135 constabularius,
760 3060 866 3140 regiae
889 3060 1066 3142 majestati
1085 3059 1162 3122 red·
1176 3078 1323 3118 benarnae

210 3157 292 3219 ditis
322 3158 402 3219 fidei
430 3159 667 3232 sacramentis
695 3158 737 3219 ad
763 3158 940 3219 dominnm
966 3176 1079 3231 suum,
1107 3176 1162 3220 co·
1176 3129 1286 3216 bilbili.

209 3256 327 3317 mitem
342 3254 654 3331 Glaucestrensem,
666 3274 743 3318 cum
761 3255 884 3336 grandi
896 3274 1001 3317 manu
1015 3255 1164 3317 militum
1175 3227 1288 3326 griffi*

209 3372 247 3415 se
266 3354 424 3430 contulit,
445 3354 495 3415 illi
515 3353 686 3434 spondens
706 3354 741 3415 in
763 3352 831 3415 fide
856 3353 1027 3415 auxilium
1043 3362 1166 3416 contra

210 3471 327 3531 regem
346 3451 591 3515 exhibiturum.
644 3451 667 3514 J
671 3471 726 3514 am
744 3470 827 3513 vero
837 3452 975 3526 exhinc,
992 3470 1037 3513 ex
1055 3451 1166 3532 Bryc-

210 3551 373 3613 stowensi
415 3550 549 3613 scilicet
587 3551 680 3627 urbe,
713 3568 791 3629 quae
831 3549 924 3611 mala
957 3567 1019 3630 per
1056 3557 1165 3611 totam

211 3649 414 3710 emerserint
447 3648 625 3728 Angliam,
650 3647 778 3709 nullius
811 3648 940 3728 poterit
972 3647 1166 3728 exprimere

210 3745 355 3807 scientia
373 3745 428 3807 vel
446 3745 619 3810 facundia.
665 3746 884 3809 Resistentes
900 3744 1070 3825 siquidem
1088 3744 1166 3818 sibi,

198 3845 360 3933 *regiaeve
391 3844 552 3923 dignitati
584 3852 755 3924 parentes,
787 3851 959 3923 quotquot
994 3842 1072 3921 capi
1104 3860 1167 3920 po-

422 4063 429 4092 ¹
451 4067 606 4120 Quarta...
616 4061 706 4125 ,oeraJ
723 4061 789 4112 Aru.
798 4063 859 4111 edit.
879 4063 908 4111 C.
922 4062 990 4111 omit.
