3074 4508
359 338 426 401 256
608 355 856 403 con'rruunrro
881 357 1056 404 cunourcr

358 513 636 577 mensurabiliter
648 513 691 577 ad
703 512 918 576 voluntatem
932 511 1061 574 domini
1074 511 1176 591 regis.
1210 510 1304 575 Prae·

358 620 465 688 terea,
477 631 539 693 pro
553 612 719 693 praedicta
735 610 962 675 conventione
978 617 1013 673 et
1027 608 1093 671 11110
1104 609 1304 691 exequendo

357 708 519 772 liberavit
530 729 594 771 rex
605 710 732 773 Scotiaa
744 710 881 772 domino
895 708 968 789 regi
983 707 1099 771 David
1114 707 1253 771 fratrom
1265 708 1302 771 iu

357 806 522 881 obsidem,
541 815 575 869 et
600 808 757 869 comitem
784 806 971 882 Dunokan,
998 815 1034 871 et
1057 805 1184 869 multos
1204 806 1302 869 alios.

253 942 256 947 .
357 902 508 978 Quando
526 923 607 967 vero
624 904 769 968 castella
784 904 919 967 reddita
936 905 1076 979 fuerint,
1091 903 1300 980 Willelmus,

356 1020 419 1062 rex
446 1001 584 1078 Scotiae,
604 1010 638 1066 et
656 1002 783 1076 David,
800 1003 908 1064 frater
929 1021 1026 1077 suus,
1043 1002 1299 1066 liberabuntur:

356 1099 500 1163 comites
526 1101 663 1181 quidem
691 1108 725 1163 et
752 1102 900 1163 barones
930 1099 1172 1182 praenominati
1193 1119 1299 1163 unus-

356 1197 518 1278 quisque,
550 1208 733 1280 postquam
768 1197 923 1261 obsidem
956 1218 1057 1262 suum
1091 1198 1299 1273 liberaverit,

355 1296 489 1359 scilicet
517 1296 626 1359 filium
652 1316 752 1359 suum
771 1297 978 1377 legitimum,
995 1297 1055 1378 qui
1078 1295 1247 1372 babuerit,
1264 1304 1300 1359 et

356 1394 415 1458 alii
431 1403 572 1476 nepotes
589 1415 682 1472 suos,
703 1395 757 1458 vel
775 1395 1039 1477 propinquiores
1055 1394 1119 1457 sibi
1136 1394 1301 1469 haeredes,

354 1500 389 1556 et
403 1494 567 1571 castellis,
583 1503 623 1558 ut
637 1495 767 1558 dictum
785 1503 849 1570 est,
872 1493 1029 1569 redditis,
1052 1493 1299 1557 liberabuntur.

355 1590 531 1655 Praeterea
549 1613 611 1656 rex
627 1593 763 1668 Scotioe,
778 1601 812 1655 et
827 1595 974 1655 barones
992 1593 1047 1654 sui
1063 1592 1301 1672 praenominati

354 1699 653 1765 assecuraverunt,
670 1691 760 1770 quod
783 1691 850 1768 ipsi
869 1691 958 1751 bona
976 1691 1054 1764 lide,
1071 1697 1103 1751 01
1120 1690 1194 1750 sine
1209 1687 1299 1752 malo

351 1787 493 1866 ingenio
520 1795 555 1849 et
581 1787 762 1850 occasione
789 1786 927 1862 sacient,
956 1785 1047 1866 quod
1080 1785 1242 1866 episcopi,
1263 1793 1300 1849 et

352 1885 511 1961 barones,
538 1892 574 1948 et
598 1885 752 1947 homines
784 1891 886 1948 101110
913 1903 999 1960 suae,
1030 1884 1089 1965 qui
1117 1903 1185 1947 nou
1214 1883 1300 1947 affu-

353 1989 465 2060 erunt,
476 1982 613 2065 quando
626 2003 689 2046 rex
700 1982 827 2046 Scotiae
842 2003 920 2046 cum
931 1982 1069 2047 domino
1084 2002 1165 2063 rege
1177 1982 1299 2058 finivit,

351 2080 496 2144 eandem
518 2081 700 2162 ligantiam
723 2089 758 2144 et
780 2082 980 2145 fidelitatem
1008 2081 1145 2144 domino
1163 2081 1248 2161 regi,
1263 2088 1299 2144 et

354 2177 521 2254 Henrico,
538 2179 608 2242 filio
624 2198 822 2260 suo,-quam
836 2180 905 2260 ipsi
926 2178 1092 2241 fecerunt.
1144 2178 1190 2241 Et
1205 2178 1299 2258 quod

352 2275 419 2356 ipsi
445 2277 604 2353 barones,
629 2283 664 2340 et
689 2276 844 2340 homines
868 2277 934 2356 ,qui
958 2275 1142 2350 affuerunt,
1165 2275 1299 2338 obsides

352 2371 548 2437 liberabunt
575 2373 713 2437 domino
739 2375 825 2454 regi,
844 2373 886 2436 de
910 2374 1035 2456 quibus
1061 2372 1187 2436 habore
1201 2368 1299 2435 10111-

352 2471 429 2534 erit.
500 2470 677 2535 Praeterea
706 2472 871 2553 episcopi,
908 2472 1052 2535 comites
1084 2477 1120 2534 01
1156 2472 1299 2535 barones

354 2569 709 2632 conventionaverunt
726 2569 864 2633 domino
887 2570 974 2651 regi,
992 2576 1027 2632 01
1046 2568 1211 2645 Henrico,
1225 2568 1297 2632 tilio

351 2685 426 2743 suo,
443 2666 583 2748 quodsi
604 2688 668 2731 rex
694 2667 819 2731 Scotiae
843 2668 961 2749 aliquo
984 2686 1068 2730 casu
1090 2686 1112 2729 a
1133 2666 1299 2731 fidelitate

350 2763 481 2827 domini
510 2764 603 2845 regis
630 2772 665 2828 et
693 2764 755 2827 filii
778 2767 844 2843 sui,
860 2773 896 2829 et
918 2783 940 2827 a
961 2765 1190 2828 conventione
1212 2782 1299 2845 prae·

350 2861 444 2924 dicta
460 2862 647 2939 recederet,
668 2863 735 2944 ipsi
758 2882 836 2926 cum
858 2863 996 2926 domino
1019 2882 1099 2945 rege
1124 2863 1299 2940 tenebunt,

351 2959 441 3023 sicut
458 2979 536 3023 cum
552 2961 688 3023 domino
702 2961 785 3040 ligio
803 2980 879 3037 suo,
893 2969 1015 3025 contra
1029 2981 1146 3042 regem
1160 2960 1297 3035 Scotiae,

350 3066 386 3119 et
401 3068 523 3122 contra
545 3078 663 3123 omnes
687 3057 842 3122 homines
865 3059 1004 3122 domino
1026 3061 1100 3139 regi
1122 3059 1298 3122 inimican-

350 3165 414 3218 tes
464 3156 510 3219 Et
540 3156 692 3237 episcopi
721 3158 785 3218 sub
811 3158 996 3220 interdicto
1020 3164 1150 3237 ponent
1172 3164 1298 3219 terram

350 3255 442 3334 regis
471 3254 610 3331 Scotiae,
641 3253 749 3317 donec
773 3254 848 3335 ipse
872 3255 917 3317 ad
942 3254 1143 3318 fidelitatem
1171 3253 1298 3317 domini

349 3353 441 3433 regis
469 3352 599 3416 redeat.
652 3351 861 3416 Praedictam
889 3353 1009 3434 itaque
1040 3352 1299 3416 conventionem

349 3449 493 3513 firmiter
524 3450 789 3525 observandam,
812 3452 903 3513 bona
934 3450 1001 3513 fide
1033 3458 1067 3513 01
1098 3451 1174 3512 sino
1205 3449 1297 3513 malo

348 3547 500 3627 ingenio,
531 3548 670 3611 domino
703 3549 790 3628 regi,
812 3556 848 3611 et
874 3548 1042 3622 Henrico,
1072 3547 1142 3610 filio
1166 3565 1240 3621 suo,
1263 3554 1299 3610 et

348 3645 544 3707 haeredibus
582 3647 667 3721 suis,
699 3664 720 3707 a
752 3645 943 3721 Willelmo,
978 3664 1060 3726 rege
1092 3644 1230 3719 Scotiae,
1264 3653 1300 3707 et

348 3742 477 3818 David,
494 3743 601 3806 fratre
625 3763 700 3818 suo,
720 3751 755 3805 01
773 3762 794 3805 1
814 3745 1001 3806 baronibus
1019 3743 1089 3805 suis
1115 3742 1299 3823 praedictis,

347 3848 381 3902 et
416 3843 459 3903 ab
493 3840 686 3904 haeredibus
722 3860 853 3916 eorum,
884 3841 1099 3904 assecuravit
1130 3841 1205 3922 ipse
1237 3858 1298 3903 rex

347 3937 486 4015 Scotiae,
506 3947 541 4002 01
568 3939 696 4014 David,
714 3939 821 4003 frater
844 3959 941 4015 suus,
960 3946 995 4002 et
1018 3958 1136 4002 omnes
1154 3940 1301 4000 barones

346 4037 400 4097 sui
440 4038 697 4117 praenominati,
743 4038 833 4100 sicut
869 4037 944 4117 ligii
984 4038 1139 4099 homines
1173 4035 1300 4097 domini
