3074 4508
354 331 418 394 112
603 347 850 396 conrrnunrro
874 347 1048 395 CHRONtct

353 513 482 583 cerant,
506 526 573 569 non
596 507 655 569 diu
677 525 736 570 eos
759 504 892 586 insequi
917 510 1122 584 potuerunt;
1148 503 1301 584 alioquin

352 611 386 667 et
402 605 514 686 ipsum
530 625 658 686 regem,
676 605 834 668 etlilium
856 604 943 686 ejus,
961 610 995 666 et
1011 620 1130 664 omnes
1146 601 1205 681 qui
1222 619 1300 664 curn

352 721 393 764 co
409 713 520 778 erant,
540 705 594 766 vel
613 704 803 766 tenuissent
817 703 872 765 vel
890 703 991 764 morti
1009 700 1193 763 dedissent.
1246 699 1301 761 De

351 801 460 878 ipsius
486 809 601 864 tamen
624 803 778 865 exercitu
802 820 909 882 prope
925 801 1040 863 decem
1062 798 1170 860 millia
1192 797 1226 858 in
1249 797 1301 859 di·

350 898 460 958 versis
490 898 575 960 locis
605 900 813 974 ceciderunt,
837 906 872 961 et
895 917 940 962 ex
967 899 1017 961 eis
1046 897 1164 960 electis
1189 914 1301 976 usque

351 993 395 1055 ad
411 995 664 1075 quinquaginta
687 997 781 1076 capti
801 1004 892 1059 sunt.
945 995 1025 1076 Ipse
1042 1013 1124 1057 vero
1145 995 1299 1056 maximo

350 1091 474 1154 timore
486 1100 522 1155 et
537 1093 702 1156 dedecore
713 1093 851 1173 aufugit
859 1094 1025 1156 devictus.
1062 1091 1298 1155 Cancellarius

349 1190 437 1272 ejus,
453 1190 651 1253 Willelmus
668 1190 802 1265 Cumin,
827 1210 848 1252 a
866 1189 1117 1253 Dunholmensi
1136 1191 1298 1271 episcopo

350 1291 546 1367 tenebatur,
572 1290 631 1352 sed
657 1290 731 1373 jam
760 1307 781 1350 a
810 1288 955 1351 vinculis
985 1288 1131 1363 solutus,
1165 1290 1297 1368 gratias

349 1390 423 1468 agit
442 1389 531 1466 Deo,
548 1397 717 1470 exoptans
734 1406 949 1469 summopere
967 1406 1008 1449 ne
1023 1404 1175 1468 unquam
1193 1387 1295 1450 talem

347 1486 477 1550 incidat
493 1489 731 1569 quaestionem.
769 1487 877 1550 Filius
894 1495 1008 1550 autem
1026 1487 1117 1566 regis
1133 1505 1211 1548 cum
1226 1505 1297 1549 uno

348 1591 483 1646 tantum
511 1587 619 1648 milite
648 1587 691 1648 ad
716 1585 838 1648 Carlor
863 1586 967 1666 pedes
995 1586 1100 1658 venit,
1126 1593 1225 1666 patre
1253 1585 1295 1646 ad

348 1679 559 1744 Rokesburh
575 1703 637 1762 per
646 1684 752 1744 silvas
768 1691 803 1744 et
819 1683 928 1744 saltus
944 1684 1003 1744 vix
1020 1683 1199 1744 evadente.
1241 1682 1296 1744 In-

347 1780 593 1841 numerabilem
620 1780 741 1841 habuit
763 1781 963 1854 exercitum,
986 1786 1056 1840 tam
1080 1779 1122 1840 de
1140 1779 1295 1856 Francis,

346 1894 451 1956 quam
471 1877 514 1939 de
528 1877 665 1959 AngliS‚
681 1877 821 1952 Scottis,
840 1883 875 1938 et
890 1876 1179 1953 Galweiensibus,
1194 1885 1229 1941 et
1252 1879 1295 1941 de

346 1977 503 2039 omnibus
518 1977 641 2040 insulis
656 1996 734 2058 quae
754 1976 798 2039 ad
814 1994 852 2037 se
868 1983 905 2038 et
924 1976 968 2038 ad
989 1995 1090 2039 suum
1107 1976 1292 2039 dominium

346 2076 577 2154 pertinebant.
615 2076 671 2138 De
685 2075 844 2139 ducentis
858 2073 1011 2137 loricatis
1027 2074 1191 2135 militibus
1206 2094 1295 2157 quos

346 2170 480 2248 habuit,
506 2192 575 2235 non
605 2175 672 2234 nisi
702 2189 783 2235 xix.
810 2178 1030 2252 reportarunt
1057 2170 1195 2246 loricas,
1213 2173 1295 2252 quia

345 2287 454 2350 prope
472 2270 587 2332 omnia
604 2288 682 2350 quae
708 2268 829 2331 habuit
853 2269 999 2350 quisque
1018 2267 1172 2348 praedam
1189 2268 1296 2332 hosti·

344 2367 410 2428 bus
442 2367 604 2446 reliquit3
635 2366 725 2428 uude
750 2367 904 2428 maxima
931 2366 1043 2448 spolia
1069 2365 1112 2428 de
1139 2367 1294 2431 exercitu

344 2463 432 2546 ejus,
449 2473 521 2527 tam
545 2464 587 2527 de
602 2465 700 2546 equis
722 2472 756 2527 et
773 2465 879 2527 armis
899 2471 934 2528 et
950 2465 1114 2540 vestibus,
1130 2483 1234 2545 quam
1251 2466 1293 2528 de
1380 2471 1382 2474 ⁴

342 2562 499 2641 plurimis
530 2565 634 2625 rebus
666 2563 799 2643 direpta
831 2569 923 2625 sunt.
990 2563 1171 2625 Eustatius
1201 2562 1294 2626 filius·

342 2658 366 2721 J
369 2660 514 2723 ohannis
530 2680 607 2723 cum
624 2679 666 2723 eo
682 2661 786 2735 venit,
809 2667 843 2723 et
868 2660 1014 2722 eundem
1034 2678 1112 2723 cum
1135 2679 1176 2722 eo
1192 2660 1290 2724 finem

342 2757 484 2834 invenit,
500 2760 560 2840 qui
578 2760 640 2820 vix
658 2777 736 2821 cum
756 2759 827 2820 vita
842 2758 886 2820 ad
903 2759 1082 2821 castellum
1098 2777 1200 2821 suum
1218 2759 1293 2822 vul-

342 2864 483 2919 neratus
501 2856 649 2937 aufugit.
689 2856 892 2919 Extiterunt
906 2857 966 2920 isti
981 2855 1086 2919 fortes
1104 2858 1140 2918 in
1155 2856 1292 2920 nomine

344 2952 485 3030 Christi,
513 2973 558 3016 ex
592 2954 758 3036 Stephani
795 2962 895 3035 parte
926 2953 1018 3034 regis
1051 2953 1180 3017 bellum
1212 2974 1290 3035 per-

342 3060 499 3130 agentes,
536 3071 652 3115 comes
686 3053 728 3115 de
762 3051 940 3129 Albemar,
983 3052 1203 3114 Beomardus
1247 3054 1290 3116 de

343 3148 469 3224 Bailol,
486 3150 545 3212 alii
568 3159 603 3212 et
625 3151 754 3230 plures,
774 3169 889 3212 comes
912 3158 1027 3212 tamen
1044 3151 1118 3230 ipse
1142 3150 1287 3213 multum

340 3253 502 3310 strenuus
518 3249 554 3310 in
572 3248 638 3311 hoc
655 3249 841 3311 certamine
864 3248 941 3311 fuit.
994 3247 1074 3310 Rex
1090 3266 1172 3311 vero
1193 3248 1292 3311 Scot-

339 3345 398 3407 tiae
428 3365 506 3408 curn
538 3365 699 3408 reversus
728 3345 861 3419 fuisset,
895 3354 933 3408 ut
965 3364 1047 3407 suos
1079 3345 1289 3410 confortaret

338 3461 445 3523 seque
471 3443 721 3518 consolaretur,
749 3442 928 3505 castellum
956 3443 1047 3523 quod
1074 3443 1170 3523 prius
1192 3445 1289 3506 obse-

339 3540 450 3615 derat,
471 3542 562 3603 unde
587 3561 608 3603 a
633 3542 757 3603 comite
776 3540 981 3602 Mellentino
998 3540 1140 3619 fugatus
1163 3541 1288 3617 fuerat,

339 3640 429 3718 quod
442 3639 549 3702 Werc
565 3641 620 3702 vel
637 3639 779 3702 Carram
796 3639 933 3713 dicitur,
951 3646 985 3701 et
1001 3646 1054 3701 est
1069 3638 1229 3701 Walterii
1247 3641 1289 3703 de

338 3737 440 3817 Spec,
471 3739 630 3800 omnibus
664 3738 806 3811 viribus,
838 3744 873 3799 et
907 3736 1025 3797 multis
1056 3736 1215 3816 ingeniis,
1254 3747 1289 3802 et

338 3837 444 3898 variis
460 3837 694 3898 molitionibus
713 3834 866 3897 obsedit:
895 3834 954 3897 sed
971 3834 1232 3897 defendentibus
1252 3854 1289 3898 se

336 3935 483 3997 viriliter
499 3943 533 3998 et
550 3936 722 3998 obstinate
737 3933 1040 4007 castellaniS,nihil
1057 3934 1195 3994 omnino
1212 3952 1287 4012 pro-

336 4031 437 4094 ficere
463 4034 587 4112 potuit.
642 4033 838 4095 Exilierunt
868 4031 956 4092 enim
976 4030 1059 4111 'jam
1090 4030 1217 4110 saepius
1247 4031 1288 4093 de
