3074 4508
332 334 398 399 258
590 350 836 399 conrrnunrro
859 350 1034 399 canonici

335 508 371 564 ct
398 500 575 566 redeundo
600 520 622 564 a
646 500 754 576 curia,
781 507 816 563 ct
844 498 879 561 in
912 499 1080 564 morando
1114 499 1282 575 incuria,

336 609 371 664 et
388 601 422 663 in
438 601 755 683 procurationibus,
778 606 814 662 et
839 597 873 661 in
889 599 1047 661 omnibus
1065 599 1283 663 libertatibus

337 708 372 762 et
387 699 615 780 dignitatibus
641 706 676 761 et
702 698 889 762 honoribus
913 697 1021 761 eidem
1040 697 1122 780 jure
1148 697 1284 773 debitis,

336 796 525 860 secundum
559 797 651 876 quod
681 806 949 876 recognoscetur
977 816 999 860 a
1029 806 1180 879 quatuor
1203 815 1285 877 pro-

338 895 472 959 ceribus
498 895 627 958 nostris
662 895 705 956 ab
734 895 811 974 ipso
838 895 1015 959 Willelmo
1043 915 1125 977 rege
1154 894 1284 970 electis,

339 1000 374 1056 et
401 1011 424 1055 a
451 1001 603 1075 quatuor
629 993 829 1074 proceribus
857 992 952 1056 illius
980 1013 1002 1056 a
1028 994 1128 1058 nobis
1154 994 1283 1057 electis.

339 1091 376 1155 Si
404 1099 521 1155 autem
548 1092 633 1155 lines
657 1099 719 1154 aut
744 1090 916 1155 marchias
943 1093 1042 1173 regni
1070 1092 1196 1156 Scotiae
1221 1092 1286 1155 ali·

339 1191 416 1271 quis
440 1198 638 1253 nostrorum
664 1190 853 1266 hominum,
886 1198 1070 1272 postquam
1101 1191 1284 1272 praedictus

338 1289 538 1353 Willelmus
579 1308 642 1352 rex
681 1307 702 1351 a
738 1297 838 1370 patre
879 1296 997 1353 nostro
1046 1298 1170 1370 captus
1207 1288 1286 1366 suit,

339 1389 562 1471 usurpaverit
584 1390 715 1472 absque
733 1387 880 1470 judicio,
906 1388 1066 1452 volumus
1089 1395 1130 1451 ut
1152 1389 1285 1470 integre

340 1489 583 1564 restituuntur,
611 1497 647 1552 et
673 1488 717 1550 ad
744 1507 823 1551 eum
841 1495 969 1552 statum
992 1488 1200 1552 reducantur
1216 1507 1286 1569 quo

341 1598 439 1652 erant
455 1595 537 1652 ante
555 1587 631 1669 ejus
655 1588 862 1667 captionem.
917 1587 1092 1651 Praeterea
1116 1587 1158 1651 dc
1186 1588 1286 1650 terris

341 1686 424 1759 suis,
451 1705 539 1766 quos
565 1686 670 1747 habet
695 1685 731 1746 iu
748 1683 890 1764 Anglia,
917 1705 980 1747 seu
1011 1684 1190 1748 domaniis¹
1222 1705 1282 1750 seu

342 1783 464 1858 feodis,
504 1783 636 1845 scilicet
669 1783 705 1844 in
737 1782 904 1845 comitatu
945 1782 1135 1846 Huntedon
1174 1791 1208 1846 et
1247 1783 1284 1845 in

341 1881 498 1944 omnibus
538 1881 629 1956 aliis,
661 1880 696 1943 in
733 1899 775 1944 ca
813 1880 974 1944 libertate
1004 1889 1039 1944 et
1057 1880 1287 1962 'plenitudine

340 1980 528 2061 possideat,
557 1989 592 2043 et
625 1979 777 2043 haeredes
809 1980 864 2043 sui
901 1980 936 2042 in
971 1989 1186 2063 perpetuum,
1216 1999 1284 2062 qua

343 2078 553 2143 Malcolmus
581 2080 733 2161 possedit
759 2078 816 2142 vel
839 2079 1015 2161 possidere
1047 2079 1184 2157 debuit3
1219 2080 1286 2143 uisi

341 2177 529 2259 praedictus
559 2178 779 2252 Malcolmus,
808 2177 864 2240 rel
886 2177 1041 2241 haeredes
1064 2178 1119 2240 sui
1142 2177 1283 2258 aliquid,

340 2282 462 2356 postea
494 2275 755 2339 infeodaverint.
801 2274 859 2338 Ita
882 2282 999 2338 tamen
1030 2275 1122 2356 quod
1155 2274 1184 2337 si
1215 2295 1288 2357 qua

340 2380 463 2455 postea
491 2374 669 2436 infeodata
700 2381 792 2448 sunt,
823 2373 975 2454 ipsorum
1008 2374 1186 2437 feodorum
1213 2392 1288 2437 ser-

339 2473 425 2536 vitia
448 2472 491 2535 ad
519 2492 598 2536 eum
620 2471 676 2535 vel
699 2470 852 2534 haerodes
880 2472 957 2555 ejus
984 2474 1189 2555 pertineant.
1240 2472 1288 2536 Et

340 2570 370 2633 si
402 2571 485 2651 quid
517 2577 617 2654 pater
648 2579 767 2635 noster
797 2570 962 2652 praedicto
987 2571 1177 2647 willelmo,
1211 2571 1287 2652 regi

341 2669 480 2745 Scotiae,
523 2670 716 2745 donaverit,
759 2678 874 2732 ratum
911 2677 947 2733 et
985 2672 1119 2733 firmum
1161 2670 1286 2733 habere

340 2768 513 2830 volumus.
583 2766 811 2830 Reddidimus
842 2769 875 2830 ei
911 2769 1075 2849 ligantias
1112 2768 1287 2831 hominum

340 2885 493 2942 suorum,
521 2873 557 2929 et
582 2885 701 2930 omnes
727 2873 855 2943 cartas,
885 2885 972 2947 quas
1000 2868 1159 2931 dominus
1188 2874 1290 2947 pater

339 2971 459 3028 noster
482 2964 525 3027 de
552 2983 592 3029 eo
623 2964 745 3027 habuit
775 2984 837 3046 per
869 2968 1064 3045 captionem
1097 2984 1215 3041 suam;
1252 2974 1289 3030 et

339 3064 370 3125 si
398 3062 526 3145 aliquae
558 3064 636 3126 aliae
677 3064 765 3126 sorte
801 3082 863 3145 per
900 3065 1107 3128 oblivionem
1144 3069 1289 3128 retentae

339 3169 401 3224 aut
423 3162 576 3226 iuventae
604 3162 744 3238 fuerint,
773 3181 832 3224 eas
858 3165 998 3243 penitus
1018 3164 1148 3226 viribus
1171 3180 1288 3226 carere

344 3261 582 3343 praecepimus.
636 3260 719 3342 Ipse
752 3269 866 3323 autem
900 3261 1005 3342 ligius
1037 3261 1140 3324 homo
1169 3268 1289 3324 noster

339 3357 477 3422 devenit
505 3359 548 3423 de
580 3360 736 3423 omnibus
765 3361 866 3422 terris
896 3359 938 3422 de
970 3361 1095 3442 quibus
1134 3366 1289 3422 anteces-

337 3475 432 3519 sores
451 3459 507 3520 sui
533 3458 606 3538 ligii
631 3458 787 3520 homines
810 3464 1071 3522 antecessorum
1090 3466 1287 3522 nostrorum

336 3554 487 3628 suerunt,
506 3563 541 3618 et
556 3556 754 3619 fidelitatem
766 3557 975 3638 juraverunt
993 3558 1091 3620 nobis
1119 3564 1154 3618 et
1175 3555 1287 3619 haere·

336 3652 434 3714 dibus
451 3655 590 3716 nostris.
642 3653 807 3717 Testibns
823 3654 888 3729 his,
905 3654 1107 3718 Baldewino
1118 3654 1288 3719 Cantuar.

337 3750 608 3834 archiepiscopo,
625 3760 660 3814 et
676 3751 871 3815 caeteris.''²

370 3940 377 3972 ¹
394 3943 545 4006 Domuuiis]
575 3945 667 3995 Matth.
690 3946 796 3994 Westm.
822 3944 885 3991 with
904 3945 1007 4005 Rytner,
1021 3957 1039 3993 1.
1050 3960 1077 4005 p.
1093 3949 1136 4005 et,
1153 3944 1289 4004 Heredem

334 4012 584 4062 Hor.‘‹lominicis.'
821 4028 847 4073 p.
864 4010 942 4073 till,
961 4015 1011 4061 ancl
1032 4014 1107 4061 Matt.
1130 4014 1235 4062 Westm.
1260 4029 1286 4075 p.

367 4077 429 4127 'Et
451 4082 569 4143 certeris]
598 4081 722 4142 Compare
744 4083 795 4130 this
820 4086 878 4129 257.
1154 4092 1157 4097 '
