3074 4508
317 304 382 366 150
567 319 816 367 courruunrro
840 318 1016 366 canonici

318 484 358 537 ut
376 475 476 538 nobis
495 476 648 537 animum
668 473 798 537 domini
813 492 925 554 papae,
942 481 977 536 et
992 472 1082 553 quod
1100 470 1191 533 circa
1203 487 1267 531 nos
1346 525 1349 531 .

318 581 473 637 statuere
496 570 717 658 proponeret,
735 572 921 654 aperirent.
975 570 1068 652 Ipsis
1086 587 1167 633 vero
1184 567 1268 630 nihil

320 673 387 734 nisi
401 672 592 744 sinistrum,
609 679 644 733 et
658 680 784 734 vestrae
805 670 1049 734 excelsitudini
1065 665 1268 750 ignominio-

319 789 396 831 sum
412 768 683 848 reportantibus
702 788 747 831 ex
762 769 981 849 singultuosa
998 787 1117 832 eorum
1143 771 1178 828 et
1198 764 1268 826 fra·
1317 780 1319 789 ⁴

320 867 384 929 tris
404 866 544 941 Franci,
554 864 664 927 fidelis
681 859 812 941 vestri,¹
832 867 1000 930 relatione
1016 864 1270 947 praesensimus,

321 963 413 1044 quod
438 983 479 1025 eo
500 964 562 1026 die·
582 962 845 1026 immutabiliter
870 964 1090 1044 disposuerat
1112 962 1271 1026 dominus

322 1081 416 1144 papa
448 1061 483 1123 in
517 1080 580 1124 vos
613 1061 829 1138 nominatim,
862 1068 896 1125 et
925 1063 960 1124 in
1001 1068 1109 1125 totam
1142 1068 1270 1123 terram

323 1169 487 1232 vestram,
513 1161 732 1223 cismarinam
756 1167 792 1222 et
817 1161 1094 1233 transmarinam,
1117 1158 1159 1220 de
1180 1176 1270 1220 com-

322 1260 418 1321 muni
436 1259 584 1322 fratrum
600 1258 742 1322 consilio
758 1257 933 1321 interdicti
947 1257 1035 1321 ferre
1050 1256 1269 1330 sententiam,

322 1369 358 1420 et
373 1378 450 1421 eam
468 1378 546 1439 quae
569 1359 604 1421 in
628 1358 809 1438 episcopos
830 1358 904 1421 lata
926 1351 1040 1419 fue'rat
1057 1355 1269 1419 confirmare.

324 1454 438 1519 Positi
454 1458 561 1536 igitur
581 1459 617 1518 in
644 1457 851 1531 arctissimo,
873 1456 964 1518 omni
987 1455 1102 1518 studio
1123 1458 1270 1516 attenta·

325 1553 437 1615 vimus
453 1575 515 1634 per
531 1555 737 1629 cardinales
755 1563 790 1617 ct
801 1575 864 1634 per
874 1555 953 1617 illos
969 1555 1010 1617 de
1025 1553 1127 1616 sociis
1144 1551 1270 1614 nostris

323 1652 383 1729 qui
400 1653 443 1712 ad
457 1651 555 1712 illurn
568 1653 742 1714 habebant
754 1671 944 1726 accessum,
959 1659 994 1713 et
1008 1670 1070 1731 per
1084 1649 1271 1712 familiares

323 1766 418 1822 suos,
443 1756 482 1809 ut
506 1750 728 1811 cessaret-ab
752 1748 817 1811 hoc
843 1748 1034 1829 proposito,
1063 1747 1118 1808 vel
1147 1745 1268 1808 saltem

323 1844 488 1920 differret,
521 1865 631 1928 usque
662 1847 707 1909 ad
732 1846 920 1909 adventum
948 1845 1185 1927 episcoporum
1211 1862 1272 1906 vc-

322 1951 486 2006 stiorum.
520 1943 623 2020 Quod
640 1964 718 2006 cum
738 1945 834 2008 nullo
849 1945 951 2007 modo
967 1945 1041 2007 fieri
1058 1943 1180 2024 possit,
1195 1961 1271 2017 nos,

322 2043 414 2104 sicut
438 2042 547 2113 decet,
572 2051 608 2106 et
625 2043 717 2106 sicut
734 2042 907 2106 debitores
926 2030 1030 2105 vobis¹
1047 2060 1178 2116 sumus,
1192 2059 1271 2121 per·

322 2158 419 2203 sonae
455 2149 580 2203 vestrae
612 2140 772 2215 dedecuS,
806 2148 842 2203 et
873 2140 979 2202 totius
1011 2146 1112 2202 terrae
1146 2144 1271 2200 vestrae

324 2255 516 2316 gravamen
539 2238 710 2300 sustinere
735 2256 804 2300 non
826 2237 984 2300 valentes
1009 2255 1070 2299 nec
1096 2236 1272 2310 debentes,

324 2334 464 2397 tandem
489 2335 690 2397 convocatis
712 2335 814 2398 sociis
838 2335 966 2398 nostris
991 2353 1107 2398 coram
1130 2334 1271 2414 quibus·

324 2430 404 2494 darn
428 2432 673 2508 cardinalibus
689 2433 782 2496 viam
807 2433 1001 2496 invenimus
1027 2432 1133 2496 saluti
1148 2440 1272 2495 vestrae

324 2536 360 2592 et
376 2529 497 2593 honori
514 2531 640 2593 bonam
656 2540 692 2594 et
704 2530 917 2608 secundam,i
934 2541 969 2595 et
985 2531 1155 2595 universae
1170 2537 1272 2593 terrae

324 2636 451 2690 vestrae
483 2627 615 2703 utilem,
644 2636 680 2691 et
706 2630 878 2712 episcopis
907 2631 1149 2693 necessariam.
1200 2628 1273 2691 Pro

273 2771 275 2774 Α
324 2743 395 2804 qua
416 2744 438 2787 a
462 2725 572 2799 vobis
600 2732 634 2787 et
657 2745 677 2788 a
701 2734 794 2789 terra
819 2735 948 2804 vestra,
976 2736 1011 2790 et
1032 2728 1076 2790 ab
1102 2726 1273 2808 episcopis

322 2823 449 2885 vestris
468 2823 627 2886 dedecus
653 2832 689 2886 et
714 2825 917 2905 periculum,
944 2826 1037 2907 quod
1061 2826 1273 2900 imminebat,

324 2921 529 2996 avertimus,
558 2929 593 2983 et
623 2941 687 2985 nos
716 2923 811 3005 ipsos
836 2943 899 3005 pro
930 2925 995 2987 hac
1023 2923 1183 2986 libertate
1208 2923 1275 2986 toti

323 3018 479 3098 periculo
503 3021 737 3099 exposuimus,
761 3022 941 3085 credentes
966 3030 1001 3086 et
1023 3031 1151 3084 certam
1176 3041 1273 3102 spem

323 3115 502 3193 habentes,
532 3118 624 3198 quod
651 3126 763 3182 totum
788 3121 967 3201 negotium
999 3119 1200 3201 procederet
1219 3138 1274 3182 se·

324 3215 475 3276 cundum
502 3217 595 3297 quod
623 3218 795 3281 credimus
820 3238 883 3281 vos
904 3218 1005 3293 velle,
1027 3225 1063 3280 et
1083 3217 1273 3280 secundum

325 3313 418 3392 quod
448 3313 576 3376 scimus
601 3334 663 3377 vos
693 3316 782 3378 velle
808 3317 942 3380 debere.
1003 3316 1174 3378 Dominus
1197 3315 1274 3378 Wi-

325 3411 507 3488 gornensis
541 3420 576 3475 et
608 3413 767 3476 dominus
802 3414 1021 3478 Ebroicensis
1052 3404 1216 3493 episcopi,
1239 3420 1275 3475 et

327 3507 528 3571 Rodbertus
566 3511 716 3573 decanus
764 3512 994 3586 Ebroicensis
1029 3519 1064 3573 et
1109 3512 1276 3591 magister

326 3604 388 3680 H,
423 3607 460 3668 in
496 3609 656 3688 proximo
679 3611 816 3672 venturi
843 3618 954 3684 erant,
987 3616 1022 3671 et
1052 3626 1112 3671 eos
1137 3608 1274 3689 quidem

326 3703 518 3766 dimisimus
534 3706 628 3768 ultra
648 3707 789 3769 modum
807 3709 934 3770 auxios
953 3715 988 3769 et
1005 3708 1176 3783 turbatos,
1192 3706 1276 3788 quia

324 3821 387 3882 pro
412 3803 585 3884 explendo
607 3805 749 3885 negotio
767 3813 896 3880 vestro,
919 3824 982 3886 pro
1005 3805 1096 3868 velle
1118 3824 1194 3879 suo,
1215 3823 1275 3866 ve·

359 4021 364 4048 ¹
390 4025 491 4087 Vestri]
510 4027 574 4074 Viri.
594 4027 659 4074 Hau.
826 4021 1008 4087 ’Secundom.]
1026 4025 1155 4072 Securum.
1175 4023 1239 4070 Ilua.
