3074 4508
332 313 376 377 88
581 329 833 378 courmunrro
860 327 1033 375 canorum

333 487 555 568 praecipimus
583 507 626 550 ne
657 489 701 550 ab
728 487 847 567 aliqua
874 490 1046 565 potestate
1072 481 1202 544 minore
1233 479 1288 542 vel

333 587 466 667 majore
491 585 722 662 detineantur,
752 586 814 648 sed
842 584 947 646 libere
971 581 1095 645 eisdem
1123 576 1288 642 ministris

334 684 491 748 ecclesiae
529 685 724 759 tradantur,
757 691 793 746 et
822 681 1064 746 ecclesiasticae
1096 677 1311 758 discipliuae·

335 783 391 845 vel
409 783 583 858 servituti,
600 780 791 864 episcopali
801 781 944 863 judicio,
960 778 1208 858 mancipentur.

386 895 449 940 vn.
478 879 529 943 Ut
554 881 672 943 nullus
698 880 961 943 archidiaconus
987 879 1022 940 iu
1050 875 1194 939 diversis
1214 872 1287 954 epi-

335 975 537 1056 scopatibus
562 977 717 1040 diversos
744 977 1043 1040 archidiaconatus
1075 981 1200 1047 teneat,
1224 971 1288 1034 sub

336 1073 558 1137 anathemate
584 1075 827 1155 prohibemus:
855 1076 958 1137 immo
983 1074 1014 1136 ei
1040 1072 1096 1136 cui
1119 1071 1213 1153 prius
1235 1087 1288 1132 as·

336 1173 494 1253 signatus
512 1180 566 1235 est
580 1180 716 1236 tautum
733 1173 920 1235 adhaereat.

387 1287 466 1334 v111.
490 1271 665 1352 Episcopi,
678 1272 912 1352 presbyteros,
926 1270 1081 1343 abbates
1091 1265 1287 1339 monachos,

336 1369 469 1451 priores
484 1371 670 1452 subjectos
689 1370 824 1433 firmam
841 1377 956 1432 tenere
972 1365 1159 1429 inhibeant.

388 1484 442 1530 rx.
466 1468 642 1544 Decimus,
663 1470 754 1533 sicut
779 1470 847 1533 Dei
870 1467 994 1531 summi
1017 1464 1218 1538 dominicas,
1240 1480 1285 1525 ex

337 1565 473 1646 integro
492 1567 588 1629 reddi
607 1568 838 1648 praecipimus,

389 1679 427 1728 x.
452 1665 502 1726 Ut
521 1665 617 1726 nulla
635 1685 785 1744 persona
802 1664 964 1728 ecclesias
981 1661 1034 1724 vel
1048 1661 1210 1732 decimas,
1224 1676 1286 1720 seu

337 1760 503 1839 quaelibet
517 1761 588 1823 alia
603 1761 841 1825 ecclesiastica
857 1760 1034 1832 beneficia,
1054 1758 1110 1820 det
1129 1756 1181 1819 vel
1199 1755 1288 1818 acci-

336 1858 423 1937 piat,
453 1859 528 1920 siue
551 1877 724 1922 consensu
751 1868 787 1923 et
809 1858 1016 1922 auctoritate
1039 1855 1204 1936 episcopi,
1232 1872 1286 1916 ca-

337 1956 463 2019 nonica
479 1958 688 2020 auctoritate
703 1965 874 2022 vetamus.

387 2071 442 2117 xl.
470 2054 580 2119 Nulla
598 2057 776 2120 abbatissa
794 2057 849 2119 rel
867 2051 1137 2119 sanctimonialis
1150 2049 1289 2112 cariori-

335 2153 400 2214 bus
419 2160 539 2215 utatur
554 2153 777 2229 indumentis,
795 2173 900 2234 quam
915 2151 1050 2232 agninis
1067 2149 1121 2212 vel
1137 2147 1286 2211 cattinis.
1365 2190 1370 2201 .

170 2270 217 2309 me
227 2271 281 2319 ung
389 2249 469 2312 Rex
478 2251 586 2330 igitur
602 2249 803 2326 Heinricus,
816 2270 894 2314 cum
904 2251 993 2313 iuter
1008 2247 1083 2311 haec
1098 2244 1287 2309 Luudouiae

169 2320 315 2409 i‘e'hfli?⁸‘¹¹⁸
336 2354 543 2423 moraretur,
562 2347 691 2411 auditis
713 2349 851 2412 concilii
872 2349 980 2430 gestis
1000 2363 1176 2409 assensum
1199 2361 1287 2425 prae-

170 2418 310 2458 ‘mmm
336 2445 424 2521 buit,
458 2446 667 2509 auctoritate
704 2448 803 2528 regia
836 2455 872 2510 et
912 2451 1086 2529 potestate
1118 2441 1288 2506 concessit

336 2551 372 2605 et
386 2544 607 2607 confirmavit
630 2551 766 2608 statuta
787 2545 936 2620 concilii,
952 2563 974 2607 a
989 2542 1164 2606 Willelmo
1180 2539 1286 2603 Caut-

335 2642 498 2704 wariensi
527 2642 787 2725 archiepiscopo
822 2650 858 2706 et
881 2641 917 2705 S.
934 2641 1102 2705 Romanae
1135 2637 1287 2702 eeclesiae

170 2759 237 2807 Hugh
248 2761 311 2799 mun
334 2737 464 2819 legato,
480 2739 573 2820 apud
588 2739 939 2804 Westmonasterium
952 2737 1127 2803 celebrati.
1178 2735 1288 2815 Hugo

167 2810 315 2908 misdi:
335 2836 477 2916 quidam
503 2838 655 2912 numine,
680 2839 723 2901 de
746 2840 952 2922 episcopatu
976 2835 1156 2910 Hrofeusi,
1179 2834 1287 2896 abbas

333 2934 1005 3013 institutus,aWillelmo,Doruberuiee
1017 2933 1287 3013 archiepiscopo,

333 3032 369 3094 iu
400 3033 568 3108 Cicestra,
596 3035 793 3110 Dominico‚
824 3035 884 3115 qui
917 3032 996 3108 suit,
1027 3049 1066 3096 11.
1096 3031 1174 3093 idus
1203 3030 1286 3093 Juu.

335 3126 395 3212 [12
418 3131 441 3194 J
445 3131 534 3216 un.]‚
559 3132 603 3194 ad
628 3141 802 3213 susceptae
828 3132 1008 3212 diguitatis
1029 3128 1186 3210 gradum,
1209 3146 1287 3208 quae

332 3241 387 3290 est
404 3230 497 3310 apud
513 3229 549 3292 S.
565 3229 816 3310 Augustiuum‚
832 3230 956 3293 merito
970 3230 1099 3292 honore
1111 3232 1288 3309 promotus

167 3344 306 3394 arentum.
333 3332 397 3387 cst.
464 3327 651 3403 Ricardus‚
672 3327 939 3392 Herefordensis
967 3327 1162 3408 episcopus,
1180 3337 1287 3386 xvnl.

166 3394 304 3481 garenna
331 3421 402 3485 kal.
425 3423 639 3504 Septembris
665 3427 725 3507 [15
750 3427 873 3506 Aug.],
897 3425 984 3488 feria
1004 3440 1058 3500 11.,
1074 3421 1166 3503 apud
1188 3439 1286 3482 suam

332 3520 451 3582 villam
482 3541 561 3602 quae
592 3532 740 3586 vocatur
767 3520 1026 3604 Dydelebyrig¹
1051 3521 1155 3592 obiit;
1188 3519 1287 3600 cujus

329 3636 457 3698 corpus
489 3619 663 3683 Hereford
693 3620 859 3696 delatum,
889 3639 968 3682 cum
998 3617 1223 3698 coepiscopis,
1251 3617 1286 3678 iu

329 3715 476 3779 ecclesia
507 3719 685 3799 sepelitur.
755 3718 835 3782 Rex
872 3717 1067 3798 Anglorum
1101 3715 1287 3778 Heinricus

328 3833 424 3877 mare
443 3817 593 3879 transiit.

513 4035 520 4067 ¹
541 4038 730 4100 Dydetetptg]
752 4039 885 4086 bedberia.
910 4037 1085 4086 Editundh.
