3074 4508
434 324 625 374 rnonrnrn
650 324 927 374 wroonrurnsrs.
1115 313 1159 376 57

208 489 301 544 certe
327 481 392 543 fuit
420 487 504 544 tunc
533 481 698 562 temporis
727 482 786 562 qui
812 482 1023 546 meminisset
1046 491 1157 546 retro·

209 580 298 642 actis
327 580 540 660 temporibus
569 587 622 643 tot
646 580 748 642 simul
777 588 934 662 pastores
964 581 1093 645 electos
1123 591 1159 646 et

209 676 388 740 ordinatos
404 678 440 739 in
456 677 599 758 Anglia,
616 678 681 740 nisi
695 679 786 758 regis
802 679 988 743 Eadwardi
1005 680 1159 744 Senioris

210 781 378 857 tempore,
390 776 528 855 quando
546 775 792 856 Pleigmundus
806 777 1083 859 archiepiscopus
1094 794 1158 841 v11.

210 873 393 954 episcopos
423 889 487 937 vn.
521 873 675 936 ecclesiis
705 876 740 937 in
774 894 843 937 una
876 875 931 938 die
960 875 1159 940 ordinavit.¹

211 969 294 1034 Hoc
309 972 412 1034 etiam
429 990 520 1035 anno
537 970 728 1035 Mauricius
750 971 1003 1038 Lundoniensis
1024 975 1158 1055 episco·
1173 995 1313 1046 mannan».

210 1088 290 1150 pus,
314 1068 487 1132 Ricardus
514 1070 662 1134 Eliensis
687 1072 806 1146 abbas,
832 1073 1024 1137 Rotbertus
1050 1072 1160 1134 abbas
1173 1046 1293 1144 iiiiii&

213 1167 256 1230 de
279 1167 408 1232 Sancto
434 1167 654 1244 Eadmundo,
677 1169 764 1233 Milo
789 1169 940 1250 Crispin,
966 1171 1159 1235 Rotbertus
1173 1146 1289 1185 ΝΜ

213 1266 307 1329 filius
337 1265 536 1343 Haimonis,
568 1266 729 1346 Rogerus
758 1268 884 1347 Bigod,
911 1267 1084 1331 Ricardus
1116 1269 1159 1331 de

215 1363 386 1439 Redvers,
400 1367 492 1446 regis
510 1365 759 1441 consiliatores,
777 1366 850 1428 vita
865 1365 1097 1429 decesserunt.

264 1462 448 1526 Hrosensis
463 1464 618 1527 ecclesiae
641 1465 822 1546 episcopus
843 1464 1041 1528 Gundulfus
1062 1465 1159 1541 obiit,
1186 1488 1318 1528 nomon

214 1580 296 1624 non.
314 1560 437 1623 Martii
455 1563 492 1641 [7
511 1563 548 1624 M
554 1564 632 1642 ar.].
662 1563 742 1627 Rex
760 1562 952 1642 Anglorum
971 1562 1160 1626 Heinricus
1174 1554 1328 1642 &⁰322ssssssss

212 1679 335 1741 pacem
358 1659 490 1722 firmam
515 1660 695 1741 legemque
721 1660 824 1722 talem
853 1661 1046 1734 constituit,
1070 1669 1108 1723 ut
1131 1661 1161 1722 si
1174 1655 1317 1742 {ssmmm

214 1759 292 1839 quis
312 1759 349 1820 in
373 1758 464 1822 furto
481 1758 538 1822 vel
567 1758 746 1821 latrocinio
769 1758 1002 1840 deprehensus
1027 1758 1161 1834 suisset,
1175 1751 1329 1841 :gffissl‘st

214 1856 492 1936 suspenderetur.
546 1856 723 1920 Monetam
743 1876 882 1938 quoque
906 1865 1104 1938 corruptam
1126 1866 1162 1921 et
1175 1861 1294 1899 ¹¹¹⁰”‘⁷“'·

213 1953 339 2016 falsam
361 1955 425 2015 sub
442 1961 540 2016 tanta
563 1953 855 2018 animadversione
877 1956 1003 2035 corrigi
1025 1956 1161 2030 statuit,

214 2059 255 2115 ut
276 2052 392 2114 nullus
414 2052 474 2132 qui
499 2057 619 2132 posset
636 2051 843 2132 deprehendi
868 2052 976 2115 falsos
1001 2052 1161 2115 denarios
1248 2057 1249 2060 ’

214 2150 340 2227 facere,
367 2149 485 2231 aliqua
505 2149 738 2230 redemptione
763 2150 846 2233 quin
868 2150 986 2213 oculos
1014 2158 1050 2213 et
1072 2150 1161 2212 inle-

214 2248 324 2311 riores
357 2249 511 2329 corporis
541 2256 659 2329 partes
690 2248 859 2330 perderet,
879 2249 997 2332 juvari
1017 2248 1160 2314 valeret.

218 2346 264 2409 Et
284 2347 449 2426 quoniam
465 2347 657 2426 saepissime
679 2347 759 2409 dum
782 2347 914 2410 denarii
932 2347 1162 2427 eligebantur,

214 2443 456 2519 flectebantur,
471 2445 729 2524 rumpebantur,
744 2446 1005 2526 respuebantur,
1023 2445 1161 2520 statuit,

214 2549 256 2604 ut
279 2540 396 2603 nullus
419 2541 581 2604 denarius
603 2541 656 2604 vel
678 2542 811 2619 obolus,
834 2561 920 2623 quos
943 2550 977 2605 et
994 2541 1162 2605 rotundos

215 2658 292 2702 esse
312 2639 475 2716 instituit,
493 2640 675 2729 autetiam
699 2641 886 2721 quadrans,
908 2641 1042 2721 integer
1059 2646 1161 2702 esset.

209 2737 273 2800 -Ex
289 2757 358 2818 quo
375 2737 468 2801 facto
484 2757 648 2818 magnum
662 2740 788 2801 honum
803 2738 869 2802 toti
885 2757 991 2818 regno
1006 2745 1162 2801 creatum

214 2843 281 2911 est,
308 2836 390 2917 quia
417 2836 491 2917 ipse
515 2855 578 2898 rex
601 2835 676 2899 haec
699 2838 735 2899 in
759 2836 972 2900 secularibus
1003 2837 1048 2898 ad
1072 2835 1162 2898 rele-

213 2933 348 2996 vandas
364 2942 463 2997 terrae
480 2953 652 2997 aerumnas
674 2936 810 3014 agebat.
864 2932 1042 2997 Gerardus
1067 2932 1161 2996 Ebo-

160 3075 162 3078 ι
214 3033 369 3094 racensis
392 3031 672 3112 archiepiscopus
696 3033 790 3108 obiit,
814 3050 968 3114 proquo
994 3030 1161 3106 Thomas,

214 3129 481 3210 praedecessoris
496 3131 551 3191 sui
567 3128 709 3193 Thomae
723 3129 910 3203 fratruelis,
926 3129 1075 3209 eligitur.

267 3227 358 3290 Haec
383 3234 465 3289 sunt
483 3234 618 3290 statuta
634 3227 676 3290 de
696 3227 1002 3301 archidiaconibus,
1019 3227 1162 3307 presby·
1175 3251 1314 3292 soluerat

214 3326 310 3400 term,
329 3326 542 3399 diaconibus,
565 3325 842 3398 subdiaconibus
868 3332 902 3387 et
924 3324 1096 3386 canonicis
1124 3325 1160 3385 in
1175 3302 1294 3389 iiiiii?

213 3428 422 3504 quocunque
442 3423 554 3504 gradu
572 3424 778 3499 constitutiS,
795 3442 872 3503 quae
896 3441 986 3485 anno
1004 3422 1160 3484 Domini-
1175 3399 1307 3499 ξιιῖῗξῖῃω

213 3540 265 3583 cae
296 3521 552 3584 Incarnationis
580 3537 721 3585 nomn.
752 3527 949 3584 statuerunt
974 3519 1162 3581 Anselmus

212 3619 496 3700 archiepiscopus
516 3618 787 3694 Cantuariensis,
804 3627 839 3681 et
861 3618 1013 3680 Thomas
1032 3617 1163 3679 electus

248 3842 255 3873 ¹
272 3841 424 3902 Ordinante]
437 3841 468 3888 In
480 3842 681 3901 praesentiscon·
706 3842 859 3888 subtractam
870 3845 976 3899 questus
997 3843 1044 3886 est.
1081 3838 1164 3884 Vene-

209 3911 680 3972 ciliiconsentu,Aldwinoliamesien·
705 3909 792 3956 rabilis
810 3910 885 3956 etiam
905 3907 1096 3955 cantuariensis
1122 3920 1164 3953 ec·

211 3983 233 4029 si
253 3980 394 4042 apostolico
410 3982 488 4040 jussu
505 3979 623 4026 restituta
641 3983 680 4025 est
704 3978 788 4024 clesiae
796 3978 864 4035 prior
874 3975 998 4023 Amulius
1008 3976 1043 4021 ibi
1051 3976 1083 4022 de
1093 3973 1164 4021 Burh

211 4051 325 4112 abbatia,
337 4064 412 4110 quam
424 4049 511 4096 Ronrae
524 4048 573 4096 sibi
586 4048 679 4107 injuria
704 4046 781 4095 abbas
795 4046 906 4106 eligitur.
923 4045 988 4093 Aac.
1000 4044 1060 4092 edit.
