3074 4508
433 323 624 371 rnounnrrr
649 324 926 374 wroonnrnnsrs.
1112 314 1156 377 15

208 483 288 539 acta
311 484 393 540 sunt
417 477 504 553 hoec,
532 486 568 539 et
594 477 721 541 insiliis
749 480 998 560 stolidissimis3
1025 481 1154 546 idcirco

211 574 289 637 volo
306 582 340 638 te
355 576 444 639 scire
466 594 528 656 pro
547 584 642 638 certo
663 577 747 658 qnia
771 587 807 642 et
828 588 932 642 meet
949 587 983 642 te
1000 598 1154 642 omnem-

210 690 277 752 que
292 672 460 735 familiam
474 691 586 736 meam
604 680 675 736 tuae
688 675 816 756 linguae
830 677 999 757 peremisti
1013 677 1154 757 gladio!

210 768 292 832 Hoc
320 771 426 846 dicto,
450 771 485 833 in
516 771 698 834 castellum
726 793 764 836 se
788 776 954 855 proripuit
980 776 1154 851 festinato,

210 867 461 949 confestimque
483 869 613 931 nuntiis
636 889 700 950 per
722 871 1004 952 Northymbriam
1027 874 1154 949 missis,

211 967 368 1029 omnibns
393 966 546 1029 nuntiari
573 968 725 1043 curavit,
755 988 792 1032 se
821 970 912 1033 necis
938 968 1041 1032 Liulfi
1071 989 1152 1033 con·

210 1064 321 1125 scium
352 1083 421 1126 non
454 1063 572 1139 fuisse,
605 1066 689 1144 quin
721 1068 835 1146 potius
863 1068 936 1149 ejus
966 1069 1153 1132 occisorem

212 1158 428 1224 Gilebertum
462 1181 648 1244 omnesque
674 1165 787 1227 socios
816 1165 922 1246 ipsius
951 1165 994 1228 de
1021 1165 1153 1228 North-

211 1259 346 1338 ymbria
384 1259 519 1340 penitus
561 1261 758 1340 exlegasse,
800 1280 840 1324 ae
882 1269 1040 1342 paratum
1080 1262 1153 1325 fore

211 1357 433 1437 semetipsum
459 1376 610 1437 purgare
634 1357 823 1421 secundum
845 1359 1012 1440 judicium
1040 1361 1153 1440 ponti·
1201 1360 1203 1363 ’

212 1451 321 1516 ficale.
373 1455 478 1530 Dein,
493 1456 607 1518 missis
622 1455 938 1533 intercurrentibus,
955 1457 1013 1519 ille
1034 1476 1155 1538 paren·

213 1558 334 1631 tesque
359 1555 561 1626 occisorum,
586 1572 673 1633 pace
697 1554 907 1617 adinvicem
933 1554 1072 1617 data'et
1098 1573 1156 1616 ac-

213 1656 327 1729 cepta,
350 1648 464 1711 locum
479 1657 515 1711 et
536 1649 627 1711 diem
651 1668 721 1729 quo
744 1651 924 1713 convenire
945 1651 1103 1731 interque
1119 1671 1156 1714 se

213 1765 334 1827 pacem
351 1747 533 1822 firmiorem
554 1746 669 1810 facere
692 1756 845 1828 possent,
862 1756 1023 1811 statuere.
1077 1747 1158 1824 Quo

214 1844 431 1919 adveniente,
452 1845 528 1908 loco
545 1845 734 1909 constituto
757 1847 794 1908 in
815 1866 918 1909 unum
944 1864 1156 1919 convenere;

214 1960 335 2004 verum
351 1959 429 2002 cum
450 1941 520 2003 illis
535 1943 719 2023 episcopus
735 1944 800 2004 sub
823 1943 903 2006 divo
923 1943 1034 2005 noluit
1049 1942 1157 2022 placi-

215 2046 302 2112 tare,
328 2038 389 2101 sed
417 2038 454 2100 in
482 2037 661 2101 ecclesiam
689 2057 768 2120 qnae
793 2040 841 2102 ibi
866 2046 952 2115 erat,
979 2058 1056 2102 cum
1085 2041 1157 2103 suis

214 2136 349 2199 clericis
372 2154 414 2199 ac
437 2134 747 2199 honorabilioribus
765 2137 927 2200 militibus
950 2136 1105 2212 intravit,
1123 2144 1158 2199 et

213 2234 358 2296 consilio
390 2232 520 2307 habito,
550 2233 657 2296 semel
683 2242 719 2297 et
749 2235 874 2297 iterum
903 2235 944 2297 de
972 2236 1044 2296 suis
1071 2254 1158 2316 quos
1244 2296 1245 2299 ,

215 2331 339 2405 voluit,
355 2349 418 2411 pro
434 2349 519 2410 pace
534 2329 704 2405 facienda,
720 2330 812 2394 foras
826 2333 870 2394 ad
885 2350 943 2395 eos
960 2333 1063 2394 misit.
1108 2331 1159 2395 At

214 2427 266 2489 illi
281 2445 500 2507 nequaquam
525 2428 644 2508 petitis
667 2429 942 2508 acquiescebant,
958 2430 1041 2509 quia
1066 2428 1161 2491 Liul-

215 2523 288 2587 fum
311 2525 405 2588 illius
426 2523 584 2605 jussione
613 2533 829 2606 peremptum
850 2525 955 2589 fuisse
977 2545 1040 2607 pro
1064 2535 1159 2591 certo

215 2621 411 2685 credebant.
463 2621 558 2684 Nam
598 2621 814 2685 Gilebertum
852 2623 995 2705 ejusque
1032 2625 1159 2700 socios,

216 2727 317 2783 nocte
344 2727 567 2799 postnecem
595 2721 782 2801 propinqui
808 2721 862 2783 sui
891 2721 1061 2802 proxima,
1089 2740 1161 2784 non

216 2816 327 2879 solum
345 2817 381 2878 in
394 2816 532 2880 domum
550 2836 651 2880 suam
669 2817 877 2881 Leobwinus
898 2818 1110 2881 familiariter
1125 2826 1161 2881 et

215 2914 443 2977 amicabiliter
456 2915 621 2996 suscepit,
636 2934 757 2978 verum
773 2916 874 2977 etiam
890 2915 1071 2997 episcopus
1087 2916 1161 2997 ipse

214 3010 325 3087 illum,
356 3019 395 3074 ut
422 3012 529 3093 prius,
555 3013 593 3074 in
623 3031 725 3075 suam
751 3013 897 3093 gratiam
926 3012 1161 3094 familiamque

215 3109 353 3190 recepit.
407 3109 508 3172 Unde
538 3128 669 3185 omnes,
703 3110 763 3190 qui
795 3128 840 3172 ex
868 3117 966 3190 parte
994 3111 1161 3173 antistitis

216 3205 300 3269 foris
318 3206 448 3268 inventi
471 3205 620 3281 fuerant,
638 3207 798 3286 primitus
816 3208 1024 3284 occiderunt,
1040 3208 1162 3288 paucis

216 3302 301 3383 fuga
328 3304 523 3367 reservatis,
577 3303 657 3379 Quo
686 3305 773 3379 viso,
803 3310 842 3367 ut
873 3304 1022 3367 hostium
1054 3303 1162 3366 furori

216 3399 444 3477 satisfaceret,
472 3401 703 3482 propinquum
726 3421 838 3474 suurn,
863 3401 1043 3483 praefatum
1069 3400 1162 3463 Gile-

217 3497 365 3574 bertum,
402 3499 511 3581 cujus
538 3500 654 3561 anima
690 3500 919 3580 quaerebatur,
956 3499 1083 3579 praesul
1120 3498 1162 3559 de

217 3595 363 3658 ecclesia
378 3594 486 3677 jussit
509 3597 626 3660 exire:
656 3616 758 3677 quem
785 3597 1012 3677 egredientem
1036 3595 1161 3657 milites

217 3694 443 3772 repugnaturi
458 3714 478 3755 e
500 3694 649 3774 vestigio
671 3702 754 3756 sunt
773 3695 902 3766 secuti;
931 3694 991 3755 sed
1014 3711 1096 3755 mox
1119 3693 1162 3754 ab

217 3789 374 3852 hostibus
398 3791 548 3871 undique
575 3791 702 3870 gladiis
730 3799 764 3853 et
789 3791 917 3852 lanceis
945 3789 1102 3869 appetiti,
1127 3789 1162 3848 in

217 3894 391 3950 momento
408 3895 488 3949 sunt
504 3889 686 3968 perempti,
704 3888 836 3949 duobus
856 3893 989 3949 tantum
1005 3884 1164 3964 Anglicis

216 3985 382 4049 ministris
406 3993 548 4066 propter
571 3984 907 4065 consanguinitatem
926 3990 1164 4064 pepercerunt.
