3074 4508
328 348 371 409 14
694 362 906 411 canonican

326 519 484 599 partibus
507 517 689 591 babuerat,
713 517 818 596 longo
834 524 990 598 tempore
1009 517 1115 596 degit.
1168 517 1276 599 Cujus

325 617 497 681 adventus
515 617 679 696 episcopo
695 614 858 679 Walcero
881 635 951 680 non
975 616 1092 679 extitit
1109 616 1277 695 ingratus,

326 716 410 795 quia
441 712 550 776 eidem
581 720 703 776 sancto
734 714 837 777 valde
868 714 1017 778 devotus
1048 712 1212 776 extiterat
1240 714 1277 774 in

325 812 497 875 omnibus.
550 810 686 875 Idcirco
701 813 838 892 abipso
855 810 890 872 in
907 819 1044 874 tantum
1060 811 1278 890 diligebatur,

324 919 366 974 ut
376 912 508 992 absque
522 909 615 972 illius
627 909 771 973 consilio
786 909 936 992 majores
951 909 1158 971 secularium
1172 927 1277 988 nego-

324 1008 451 1070 tiorum
470 1025 593 1069 causas
615 1007 815 1069 nullatenus
838 1026 943 1087 agere
957 1005 1064 1069 vellet
1080 1013 1141 1069 aut
1161 1006 1274 1086 dispo·

323 1111 431 1166 neret.
468 1103 523 1166 Ob
537 1121 641 1182 quam
657 1122 728 1165 rem
742 1121 827 1165 suus
841 1104 1042 1184 capellanus
1057 1103 1275 1177 Leobwinus,

324 1220 426 1282 quem
445 1201 481 1262 in
500 1207 637 1263 tantum
660 1198 881 1263 exaltaverat
905 1210 946 1263 ut
969 1201 1056 1263 etin
1075 1201 1274 1280 episcopatu

323 1308 357 1363 et
373 1301 408 1362 in
425 1300 590 1362 comitatu
614 1298 684 1361 sere
699 1298 748 1360 nil
766 1299 840 1362 sine
855 1297 949 1361 illius
965 1298 1108 1360 arbitrio
1125 1299 1272 1378 agitare·

323 1407 390 1473 tur,
412 1398 553 1460 invidiae
566 1396 715 1458 stimulis
736 1415 936 1471 succensus
960 1404 996 1459 et
1017 1401 1159 1476 propter
1174 1413 1271 1457 suam

321 1496 515 1575 potentiam
533 1495 632 1557 taedis
656 1495 826 1574 superbiae
848 1495 951 1556 nimis
968 1494 1121 1568 inflatus,
1138 1513 1175 1556 se
1192 1511 1273 1555 con-

321 1599 376 1654 tra
406 1592 611 1673 praedictum
643 1592 754 1652 virum
787 1599 994 1670 arroganter
1025 1592 1154 1664 erexit;
1187 1609 1272 1670 qua-

320 1697 463 1768 propter
502 1687 669 1750 nonnulla
705 1688 780 1768 ejus
814 1688 950 1769 judicia
987 1696 1091 1768 atque
1129 1686 1272 1750 consilia

320 1784 420 1847 flocci
457 1785 641 1864 pendebat,
679 1786 907 1864 omnibusque
944 1785 1055 1845 modis
1094 1783 1271 1847 annullare

319 1881 479 1944 sudabat.
543 1881 757 1961 Frequenter
797 1881 902 1943 etiam
939 1899 1059 1946 ,coram
1096 1882 1270 1962 episcopo,

319 1998 390 2041 non
417 1979 492 2040 sine
519 1979 634 2054 miniS,
661 1996 741 2040 cum
767 1997 810 2041 eo
840 1979 996 2058 litigans,
1028 1979 1125 2041 illum
1158 1980 1269 2042 verbis

317 2077 495 2157 probrosis
531 2076 660 2157 saepius
704 2075 748 2137 ad
789 2076 1006 2138 iracundiam
1045 2078 1268 2156 provocabat.

319 2172 481 2250 Quadam
507 2174 628 2253 itaque
657 2173 725 2246 die,
751 2191 830 2234 cum
860 2171 951 2234 idem
980 2172 1035 2234 vir
1061 2171 1197 2234 Liulfus
1224 2174 1269 2234 ab

282 2244 290 2336 i
317 2271 482 2350 episcopo
513 2275 659 2331 vocatus
684 2267 728 2329 ad
754 2267 946 2342 consilium,
970 2268 1098 2347 legalia
1123 2287 1269 2350 quaeque

316 2374 354 2429 et
383 2373 480 2430 recta
511 2365 723 2440 decerneret,
756 2366 964 2428 obstinatius
999 2367 1031 2428 ei
1060 2365 1267 2429 Leobwinus

316 2464 463 2540 obstitit,
490 2469 526 2527 et
548 2463 697 2544 loquelis
719 2461 820 2524 illum
843 2463 1102 2526 contumeliosis
1128 2482 1270 2527 exacer-

316 2562 424 2627 bavit.
477 2560 545 2623 Sed
567 2561 651 2641 quia
673 2559 732 2622 ille
753 2560 933 2641 respondit
958 2561 989 2622 ei
1011 2561 1130 2623 durius
1152 2560 1267 2636 solito,

316 2659 360 2721 de
384 2658 505 2740 placiti
528 2657 605 2720 loco
631 2657 792 2720 discessit
812 2657 928 2734 illico,
945 2665 981 2720 et
1000 2677 1147 2721 evocans
1168 2658 1212 2721 ad
1228 2677 1267 2721 se

317 2755 548 2830 Gilebertum,
578 2754 634 2816 cui
656 2755 798 2835 praesul,
827 2755 911 2835 quia
941 2773 1025 2817 suus
1055 2756 1267 2837 propinquus

248 2888 251 2898 ·
291 2847 298 2925 l
319 2853 448 2925 extitit,
469 2853 672 2915 comitatum
702 2851 1053 2932 Northymbrensium
1079 2855 1266 2933 subregen-

316 2950 399 3012 dum
414 2951 644 3025 commiserat,
660 2956 702 3012 ut
716 2968 754 3012 se
771 2949 962 3013 vindicaret
977 2951 1103 3012 obnixe
1118 2950 1267 3030 rogavit,

316 3055 353 3110 et
387 3047 540 3109 Liulfum
575 3065 679 3127 quam
713 3047 815 3109 citius
848 3054 967 3127 posset
999 3047 1101 3109 morti
1133 3047 1267 3110 tradere

315 3151 518 3207 maturaret.
572 3142 639 3206 Ille
666 3150 782 3207 autem
812 3144 994 3206 confestim
1025 3144 1152 3225 iniquis
1181 3145 1269 3226 peti·

314 3242 466 3304 tionibus
496 3242 720 3321 acquiescens
752 3241 836 3316 suis,
864 3247 901 3303 et
929 3241 1082 3322 episcopi
1114 3249 1149 3304 et
1173 3242 1266 3322 ejus·

313 3339 391 3401 dem
415 3339 593 3401 Leobwini
615 3337 781 3400 militibus
804 3339 841 3400 in
864 3357 972 3400 unum
991 3338 1205 3413 coadunatis,
1220 3338 1265 3400 ad

312 3436 430 3498 villam
447 3436 506 3498 ubi
522 3442 605 3498 tunc
623 3433 759 3497 Liulfus
776 3437 985 3507 morabatur,
1000 3442 1101 3497 nocte
1116 3436 1265 3516 quadam

311 3533 478 3611 perrexit,
497 3550 538 3594 ac
562 3533 661 3594 illum
687 3551 765 3594 cum
788 3551 854 3594 sua
877 3532 1011 3594 familia
1036 3532 1107 3595 fere
1132 3540 1207 3596 tota
1228 3533 1265 3595 in

311 3630 413 3692 domo
449 3630 591 3709 propria
620 3629 749 3710 injuste
782 3630 938 3709 peremit.
1000 3629 1080 3705 Quo
1112 3631 1264 3710 cognito,

311 3729 466 3807 graviter
490 3727 637 3788 antistes
664 3745 709 3788 ex
735 3726 839 3788 corde
863 3727 1054 3807 suspiravit
1078 3727 1209 3803 intimo,
1229 3735 1265 3791 et

310 3825 441 3904 capitio
462 3824 635 3904 decapite
658 3822 814 3885 detracto
836 3831 872 3886 et
893 3825 930 3886 in
953 3831 1080 3887 terram
1098 3825 1265 3906 projecto,

310 3920 509 3997 Leobwine,
526 3922 585 4002 qui
609 3928 693 3983 tunc
717 3939 870 4002 praesens
893 3921 1026 3995 aderat,
1045 3923 1154 3983 tristis
1175 3921 1266 3982 dixit

308 4020 496 4081 continuo:
539 4019 658 4094 ‘Tuis
682 4017 879 4094 Leobwine,
903 4020 1112 4082 factionibus
1138 4018 1267 4081 dolosis
