3074 4508
456 373 649 421 rnonnuru
677 371 953 420 wrconrunusrs
1116 359 1183 423 215

225 526 370 589 emendo
411 537 446 590 ct
488 512 665 607 vendendo
702 527 978 590 Christianorum
1012 526 1313 593 habentesouerun

223 633 480 689 mercatorum:
512 635 547 689 et
586 626 677 707 quod
715 625 861 707 quilibet
896 644 1024 701 eorum,
1060 598 1321 707 cujus-liiii.ming

223 742 360 803 cunque
379 725 505 798 aetatis,
530 734 656 798 status,
673 732 733 786 aut
752 743 869 798 sexus,
893 725 964 805 regi
981 743 1044 804 pro
1062 727 1178 805 capite

223 840 286 884 suo
314 830 384 884 tres
413 823 575 886 denarios
604 822 703 886 daret
730 824 926 886 annuatim:
964 832 1000 886 et
1026 823 1087 904 qui
1110 823 1177 888 hac

222 918 419 982 conditione
458 930 552 984 stare
583 920 690 984 nollet
728 929 809 984 ante
839 921 975 984 Pascha
1015 922 1175 1001 proxime

223 1036 373 1099 sequens
392 1017 564 1103 [14Apr.]
576 1017 741 1098 Angliam
752 1037 818 1081 sua
829 1019 1012 1098 praesentia
1022 1029 1175 1084 vacaret.

222 1116 393 1178 Dominus
427 1136 491 1178 rex
522 1117 667 1197 protulit
699 1115 904 1178 sententiam
940 1124 1060 1179 contra
1096 1119 1271 1180 hur-nureo

221 1234 346 1294 genses
371 1213 550 1287 Norwicii,
566 1215 657 1295 quod
677 1214 838 1278 videlicet
859 1234 922 1296 pro
948 1213 1075 1295 injuria
1097 1184 1324 1279 cor-{leliiirll

220 1314 298 1392 pori
312 1311 443 1375 Christi
455 1313 555 1376 illata
567 1314 739 1395 quoddam
752 1333 815 1376 vas
831 1333 970 1376 aureum
988 1314 1030 1376 ad
1048 1333 1174 1396 corpus
1186 1285 1210 1321 ⁰¹
1219 1283 1327 1321 M‘mh'

221 1409 353 1473 Christi
381 1412 648 1485 recondendum,
677 1412 776 1492 pretii
806 1428 835 1473 c.
862 1411 950 1485 lior,
976 1415 1174 1493 sumptibus

220 1510 294 1570 suis
322 1509 484 1571 facerent.
539 1510 585 1571 Et
618 1508 709 1589 quod
737 1526 799 1588 pro
831 1509 958 1591 injuria
987 1514 1172 1573 conventui

220 1607 332 1682 illata,
389 1608 457 1669 tria
509 1607 616 1670 millia
671 1624 864 1668 marcarum
913 1608 1173 1672 contribuerant

218 1706 360 1782 eisdem,
378 1705 469 1768 infra
484 1705 686 1769 sexennium
704 1706 888 1770 solvenda:
913 1706 1071 1769 videlicet
1087 1727 1173 1788 quo·

219 1803 304 1866 libet
338 1824 430 1867 anno
461 1807 669 1885 quingentas
701 1823 846 1867 marcas.
898 1805 944 1867 Et
973 1805 1063 1885 quod
1098 1807 1171 1886 epi·

217 1921 344 1981 scopus
373 1904 568 1982 sumptibus
598 1903 819 1981 burgensium
849 1921 1017 1965 unacum
1044 1903 1092 1964 eis
1127 1904 1172 1966 ad

217 2000 349 2061 curiam
374 2001 529 2062 mitteret
557 1999 763 2074 Romanam,
792 1999 835 2061 de
866 2018 951 2080 pace
976 1999 1092 2062 taliter
1114 2018 1171 2062 or·

218 2096 341 2161 dinata
362 2097 597 2160 testimonium
612 2096 857 2179 perhibiturus.
903 2096 949 2159 Et
975 2097 1067 2178 quod
1088 2116 1172 2159 con-

218 2203 344 2257 ventus
370 2196 517 2277 Januam
544 2214 644 2258 suom
677 2214 747 2276 qua
777 2194 905 2258 vellent
933 2204 1043 2276 parte,
1070 2213 1172 2274 aquae

215 2292 391 2356 duntaxat
407 2303 568 2375 excepta,
580 2300 762 2368 mutarent,
776 2306 974 2357 remanente
987 2293 1070 2357 villa
1083 2312 1171 2374 quo·

217 2391 262 2453 ad
277 2391 478 2455 libertatum
493 2393 691 2472 burgalium
709 2392 949 2473 privationem,
964 2390 1000 2453 in
1017 2410 1058 2453 eo
1074 2397 1169 2454 statu
1214 2391 1216 2396 ’

217 2488 311 2568 qnod
326 2488 392 2552 suit
407 2490 463 2552 die
479 2508 550 2570 quo
566 2508 630 2551 rex
647 2497 746 2570 pater
757 2489 859 2551 vivus
873 2488 938 2551 suit
952 2496 986 2551 et
1002 2495 1169 2552 mortuus

217 2585 392 2663 Dedicata
420 2594 475 2649 est
505 2586 641 2669 capella
671 2586 806 2666 prioris,
834 2585 871 2647 in
897 2585 1058 2649 honorem
1087 2604 1170 2649 san.-

217 2693 354 2746 ctorum
380 2692 573 2766 martyrum
596 2684 768 2747 Edmundi
795 2689 830 2746 et
854 2683 1029 2765 Stephani,
1059 2701 1080 2745 a
1107 2683 1169 2746 do·

216 2782 310 2844 mino
347 2782 527 2846 Willelmo
565 2782 744 2862 Ragusiae,
783 2780 965 2844 Medorum
998 2780 1169 2862 archiepi-

214 2898 333 2960 scopo,
369 2880 424 2942 die
458 2879 665 2943 Sanctorum
697 2879 935 2943 Innocentium
968 2878 1027 2958 [28
1050 2879 1169 2959 Dec.].

217 2975 347 3040 Gravis
372 2986 409 3040 et
440 2978 669 3041 intolerabilis
697 2977 792 3039 sacta
822 2985 875 3039 est
897 2977 1034 3039 exactio
1064 2995 1170 3057 snper
1239 3028 1241 3033 .

214 3075 356 3137 decimis
384 3077 421 3137 in
449 3075 596 3138 concilio
630 3074 856 3154 Lugdunensi
887 3073 1067 3137 concessis
1114 3074 1169 3137 De

214 3174 312 3235 nulla
339 3174 430 3237 enim
465 3174 613 3254 alicujus
643 3173 822 3235 taxatione
851 3173 1001 3235 contenti
1030 3171 1170 3234 suerunt

212 3271 385 3333 dictarum
416 3271 626 3333 decimarum
658 3270 879 3342 collectores;
914 3270 1017 3331 immo
1052 3288 1165 3332 sacra·

214 3379 331 3432 mento
361 3369 590 3450 corporaliter
622 3370 779 3449 praestito
806 3367 849 3429 ad
873 3386 991 3429 verum
1016 3367 1169 3429 omnium

214 3475 446 3548 proventuum
469 3485 609 3529 suorum
633 3467 785 3528 valorem
809 3465 858 3527 eis
883 3483 940 3526 ore
959 3464 1098 3545 proprio
1120 3465 1167 3526 in·

213 3566 422 3627 sinuandum
441 3584 561 3628 omnes
584 3565 656 3626 sere
679 3572 714 3626 et
729 3564 883 3643 singulos
904 3562 1168 3642 compellebant.

216 3662 317 3724 Unde
352 3662 488 3725 decima
519 3662 687 3743 portionis
719 3670 909 3725 conventus
942 3660 978 3723 S.
996 3659 1170 3722 Edmundi
1204 3658 1206 3662 ’

213 3759 279 3822 fuit
308 3776 440 3823 ccxci.
472 3779 594 3834 maro,
624 3776 678 3820 111.
704 3760 848 3834 s01.,v1.
879 3760 925 3833 d.,
953 3767 987 3821 et
1015 3757 1080 3819 hoc
1109 3776 1172 3838 per·

210 3866 468 3920 sacramentum
488 3872 521 3918 v.
542 3856 786 3919 monachorum
812 3857 854 3917 ad
881 3856 953 3917 haec
975 3854 1171 3935 specialiter

204 3956 414 4037 juratorum.
453 3954 599 4017 Decima
615 3954 782 4034 portionis
799 3953 933 4015 abbatis
951 3952 1016 4014 suit
1032 3961 1170 4015 centum

208 4054 387 4116 librarum.
445 4053 559 4132 Ejecti
577 4060 657 4114 sunt
682 4052 704 4116 J
709 4052 797 4114 udaei
821 4071 842 4113 a
865 4051 1091 4131 Cantabrigia
1110 4067 1296 4165 Pffl'flffi‘
