3074 4508
334 327 400 389 142
587 341 835 389 courruuarro
863 341 1037 388 cuaorucr

333 497 621 563 cantuariensem
650 497 956 579 arehiepiscopum.
1009 495 1056 559 Et
1084 495 1286 577 perdonavit

333 599 365 661 ei
393 608 429 661 et
452 599 611 662 omnibus
635 599 696 679 qui
722 617 800 660 cum
823 614 863 659 eo
887 601 985 658 erant
1006 594 1042 657 in
1065 594 1172 657 exilio
1198 594 1286 657 iram

249 691 254 699 ’
333 705 370 759 et
393 697 673 760 malevolentiam
705 714 816 770 suam,
847 694 1052 775 promittens
1078 693 1144 756 sibi
1170 693 1285 754 inin·

118 801 121 808 '
161 807 286 896 ,mtto
334 801 473 873 tegrum
522 795 659 857 restitui
691 813 809 856 omnes
851 793 1087 874 possessiones
1133 788 1285 855 Cantua·
1332 803 1337 814 ’

149 907 272 954 areuna.
333 892 459 953 riensis
498 893 665 966 ecclesiae,
702 892 792 955 sicut
833 911 901 953 uno
936 910 1026 954 anno
1071 889 1194 952 habuit
1227 907 1285 951 an-

299 1039 302 1044 .
334 995 478 1068 tequam
507 990 551 1050 ab
576 988 709 1067 Anglia
737 989 968 1068 egrederetur.
1021 988 1147 1067 Regna
1168 988 1287 1068 itaque

333 1087 460 1166 gavisa
486 1094 568 1149 sunt
592 1085 635 1148 de
668 1086 817 1148 adventu
851 1093 887 1148 et
913 1085 1148 1148 consolatione
1177 1085 1296 1166 patris-

333 1184 390 1245 sui
416 1183 573 1259 Thomae,
598 1183 858 1246 Cantuariensis
884 1183 1143 1264 archiepiscopi.
1192 1181 1285 1245 Nam

333 1283 409 1363 ipse
434 1282 626 1364 periculum
649 1289 805 1344 metuens
825 1281 1028 1356 animarum,
1046 1282 1090 1344 ad
1106 1280 1285 1344 eeclesiam

334 1400 436 1445 suam
467 1401 549 1462 rege
580 1381 647 1444 sibi
685 1388 872 1462 praestante
903 1379 1107 1455 conductus,
1140 1379 1286 1460 septimo

334 1480 431 1542 exilii
466 1482 521 1542 sui
554 1498 646 1542 anno
677 1483 835 1542 reversus
866 1486 919 1542 est
949 1478 985 1540 in
1014 1477 1192 1559 Angliam,
1214 1475 1284 1540 kal.

334 1577 500 1643 Decemb.
527 1579 563 1658 [1
583 1578 699 1658 Dec.].
753 1577 839 1641 Cum
868 1597 950 1640 vero
979 1576 1204 1640 cantuariam
1231 1595 1288 1639 ve-

334 1675 456 1751 nisset,
472 1695 494 1738 a
518 1676 611 1738 clero
638 1683 673 1738 et
695 1676 823 1756 populo
851 1682 1016 1754 tanquam
1040 1675 1185 1753 angelus
1212 1674 1285 1736 Do·

333 1773 420 1834 mini
445 1782 606 1852 receptus
635 1780 702 1846 est,
727 1773 885 1834 omnibus
913 1771 1142 1834 clamantibus
1168 1777 1203 1833 et
1232 1772 1283 1833 di·

334 1871 505 1943 centibus,
521 1876 531 1904 ‘
549 1869 760 1933 Benedictus
787 1871 847 1950 qui
867 1870 963 1932 venit
986 1870 1023 1932 in
1054 1869 1190 1932 nomine
1214 1869 1286 1932 Do·

331 1969 441 2031 mini.'
508 1966 591 2049 Ipse
629 1977 757 2043 autem,
797 1979 962 2048 tanquam
998 1969 1111 2030 bonus
1153 1976 1310 2048 pastor,·

332 2067 494 2129 omnibus
521 2067 558 2129 in
584 2066 705 2130 osculo
731 2067 826 2148 pacis
852 2066 1014 2147 receptis,
1034 2065 1114 2129 illos
1139 2072 1285 2146 paterna

331 2165 578 2227 exhortatione
592 2165 728 2226 monuit
742 2172 778 2226 et
798 2163 916 2226 docuit
931 2163 1182 2226 fraternitatem
1205 2163 1285 2225 dili·

332 2281 428 2348 gere,
458 2269 507 2336 et,
536 2262 568 2323 si
600 2279 742 2323 necesse
770 2260 886 2340 fuerit,
914 2261 1047 2323 animas
1080 2279 1219 2342 ponere,
1247 2267 1285 2323 et

332 2367 468 2422 certare
497 2359 679 2438 usquead
705 2366 851 2421 mortem
874 2377 937 2439 pro
960 2358 1038 2439 lege
1064 2358 1143 2422 Dei.
1194 2357 1283 2422 Cnrn

331 2476 417 2520 vero
444 2456 605 2519 dominus
631 2476 723 2537 papa
749 2457 928 2538 praefatam
948 2455 1022 2538 jam
1051 2457 1134 2520 dicti
1150 2457 1283 2520 Ebora·

331 2555 445 2618 censis
460 2563 497 2618 et
517 2555 760 2636 episcoporum
783 2556 842 2635 qui
859 2555 890 2617 ei
913 2556 1099 2618 astiterant
1118 2573 1284 2636 praesum·

330 2655 499 2734 ptionem‚
529 2653 753 2733 conquirente
788 2654 890 2715 beato
921 2652 1067 2728 Thoma,
1101 2661 1141 2716 nt
1177 2672 1284 2735 snpra

330 2751 465 2813 dictum
502 2759 567 2825 est,
603 2751 769 2825 audisset,
806 2750 995 2830 Rogerum,
1028 2751 1282 2814 Eboracenscm

329 2848 642 2930 archiepiscopum,
691 2857 727 2911 et
769 2847 968 2928 Hngonem,
1012 2848 1282 2912 Dunelmensem

328 2947 545 3028 episcopum,
561 2954 598 3009 et
612 2945 670 3008 W.
691 2946 877 3009 Rofensem
897 2947 1109 3027 episcopum,
1130 2947 1174 3009 ah
1189 2949 1282 3011 omni

328 3045 520 3125 episcopali
541 3043 722 3125 suspendit
744 3043 876 3116 officio;
904 3054 940 3108 et
962 3042 1170 3120 Gilbertum,
1185 3043 1283 3108 Lun-

329 3142 545 3224 doniensem,
580 3151 615 3204 et
655 3141 878 3215 Joscelinum,
917 3141 1211 3218 Salisheriensem,
1245 3144 1282 3205 in

330 3241 539 3302 sententiam
570 3238 801 3302 anathematis
835 3240 1027 3302 innodavit.
1095 3239 1184 3316 Quae
1227 3260 1282 3303 se-

328 3337 472 3411 veritas,
503 3339 538 3399 in
573 3337 685 3400 sancti
716 3337 859 3400 Thomae
899 3339 1057 3418 ingressu
1092 3338 1281 3418 publicata,

327 3453 448 3514 regem
463 3435 613 3515 amplius
632 3435 867 3509 exacerbavit,
889 3443 924 3497 et
945 3436 1083 3515 linguas
1105 3436 1280 3499 toxicatas

327 3531 582 3595 detrahentium
607 3532 863 3595 aduocandum
887 3531 1093 3595 efficaciores
1124 3533 1281 3598 reddidit.

159 3645 264 3693 nuenbr-
274 3646 299 3684 or
328 3628 422 3692 Nam
435 3629 609 3710 Rogerus,
623 3629 849 3693 Eboracensis
867 3629 1159 3709 archiepiscopale,
1171 3630 1282 3694 etJo·

160 3696 219 3734 Yorls
229 3695 271 3733 and

142 3819 144 3822 v
158 3743 287 3840 {ppipffibor
326 3728 491 3803 ecelinus,
505 3727 777 3790 salesburiensis
796 3729 992 3808 episcopus,
1007 3735 1042 3789 et
1057 3727 1281 3804 Gillehertus,

159 3843 307 3930 :puppam
327 3825 583 3937 liundoniensis
615 3825 807 3906 episcopus,
834 3827 961 3888 statim'
983 3845 1045 3906 per
1073 3828 1281 3889 sententiam

157 3940 216 4027 {1305
218 3940 305 4027 agarna
325 3943 361 3985 111
372 3925 421 3987 eis
434 3925 702 4004 promulgatam,
716 3924 955 4005 applicuerunt
968 3923 1003 3985 in
1015 3922 1282 4000 Normanniam,

240 4014 246 4026 '
325 4031 361 4083 et
392 4032 602 4086 exacuentes
628 4030 666 4085 ut
691 4022 843 4101 gladium
870 4023 1006 4102 linguas
1028 4040 1133 4096 suas,
1165 4023 1279 4102 ipsum
