3074 4508
174 514 245 553 Battle
254 515 278 553 or

175 565 308 604 Benevento.

174 1010 267 1050 (ionersi

174 1060 270 1099 taxation
280 1059 304 1098 or

174 1111 212 1150 the
220 1109 300 1159 elergy.

338 325 403 388 202
586 338 834 387 communem
858 337 1034 384 cunoruci

392 492 557 573 Karolus,
572 515 633 560 rex
657 493 795 568 Sicilia,
814 501 848 555 et
870 493 975 555 frater
999 493 1090 573 regis
1115 488 1284 563 Franciae,

339 596 510 676 pugnavit
528 603 647 658 contra
665 592 862 658 Conradum
886 591 978 671 apud
997 591 1233 653 Beneventum
1248 587 1284 649 iu

339 692 481 774 Apulia,
508 701 544 755 et
571 701 777 756 consecutus
803 702 857 755 est
882 690 1073 765 victoriam,
1098 687 1219 766 vigilia
1245 684 1281 750 S.

341 790 589 854 Bartholomaei
609 785 671 876 [23
681 785 805 877 Aug.].
847 790 890 853 In
901 808 970 871 quo
987 787 1149 853 conflictu
1161 784 1282 848 habuit

342 886 522 951 Corradus
538 884 616 951 ῖῑἾ.
632 888 865 964 loricatorum,
881 897 916 951 et
933 886 1085 951 Karolus
1102 880 1168 949 V’IT.

391 985 472 1048 Hoc
490 1003 580 1048 anno
604 987 809 1050 auctoritate
831 987 928 1066 regia
949 985 1146 1066 diriguntur
1167 981 1281 1045 clerici

339 1102 402 1164 per
438 1102 557 1147 omnes
595 1084 814 1166 episcopatus
840 1084 980 1164 Angliae
1012 1082 1057 1145 ad
1091 1080 1280 1145 taxandum

340 1181 454 1244 omnia
473 1183 563 1246 bona
581 1182 784 1264 temporalia
803 1189 839 1245 et
857 1181 1051 1263 spiritualia
1070 1181 1177 1245 totius
1199 1177 1281 1241 cleri

339 1281 537 1362 Anglicaoi,
567 1281 753 1344 secundum
780 1300 898 1343 verum
931 1280 1096 1354 valorem,
1125 1277 1280 1359 exceptis

338 1380 437 1443 bonis
453 1379 729 1461 Templariorum
751 1386 786 1442 et
803 1378 1095 1452 cisterciensium,
1109 1396 1170 1459 per
1186 1376 1280 1439 aesti-

338 1480 523 1544 mationem
547 1480 755 1560 plebeiorum
779 1478 823 1541 ad
849 1478 913 1542 hoc
935 1485 1147 1542 vocatorum.
1200 1473 1279 1552 Quo

337 1587 491 1657 peracto,
512 1597 630 1641 omnes
653 1577 817 1659 episcopi,
839 1577 966 1659 singuli
992 1596 1054 1658 pro
1077 1576 1279 1657 episcopatu

338 1693 414 1749 suo,
437 1695 514 1737 cum
538 1695 620 1755 rege
642 1684 918 1755 composuerunt.
973 1675 1073 1738 Unde
1096 1674 1278 1754 episcopus

340 1769 376 1832 N
378 1773 587 1847 orwicensis,
603 1791 666 1853 pro
687 1773 887 1853 episcopatu
910 1790 974 1834 suo
994 1791 1070 1835 cum
1088 1789 1170 1850 rege
1184 1787 1277 1833 com·

339 1887 482 1949 ponens,
507 1889 571 1952 pro
595 1870 727 1933 decima
748 1869 894 1933 duorum
917 1888 1084 1933 annorum
1112 1869 1278 1944 finalium,

338 1969 584 2032 monasterium
612 1970 718 2033 etiam
739 1969 831 2032 beati
858 1969 1019 2051 martyris
1042 1967 1214 2031 Edmundi
1241 1967 1278 2029 in

336 2067 496 2146 pactione
510 2085 575 2131 sua
594 2068 743 2150 recepit3
767 2068 893 2130 abbate
916 2075 1033 2132 tamen
1052 2076 1088 2130 et
1105 2072 1277 2131 conventu

334 2183 440 2246 super
466 2167 532 2229 hoc
554 2166 650 2246 prius
674 2166 872 2246 requisitis3
897 2173 932 2227 et
958 2165 1039 2227 licet
1062 2165 1129 2228 hoc
1156 2169 1278 2228 contra

335 2261 531 2326 libertatem
563 2262 648 2325 dicti
679 2261 879 2325 monasterii
909 2262 1085 2326 videretur
1115 2261 1277 2337 existere,

334 2366 450 2422 tamen
466 2367 610 2443 propter
623 2359 821 2423 dilationem
836 2360 1000 2441 temporis
1015 2379 1119 2442 quarn
1135 2367 1278 2442 possent

333 2459 511 2539 consequi,
535 2466 571 2522 et
594 2458 697 2521 etiam
721 2459 803 2539 quia
828 2457 969 2521 liberius
995 2465 1117 2522 contra
1142 2459 1276 2541 episco-

333 2556 430 2637 pales
460 2563 642 2621 exactores
668 2575 772 2638 quam
806 2563 929 2619 contra
960 2556 1095 2638 regales
1121 2557 1277 2621 valerent

334 2655 510 2732 cavillare,
537 2655 652 2736 potius
687 2655 941 2737 episcopalibus
971 2673 1075 2736 quam
1101 2655 1276 2734 regalibus

333 2759 416 2815 tunc
430 2754 594 2834 temporis
607 2753 857 2833 preelegerent
870 2753 1085 2835 respondere.
1138 2752 1185 2815 Et
1194 2753 1277 2815 licet

333 2870 402 2914 non
419 2850 486 2914 nisi
500 2870 562 2932 per
585 2851 759 2914 biennium
782 2850 895 2913 clerus
915 2851 958 2913 de
980 2850 1120 2914 decimis
1136 2869 1277 2933 respon·

332 2948 413 3011 dere
428 2949 604 3024 deberent,
622 2949 705 3029 quia
728 2949 770 3012 de
791 2949 903 3029 primo
924 2967 1015 3013 anno
1038 2950 1277 3013 decimationis

327 3046 403 3129 jam
436 3046 691 3123 satisfecerant,
725 3055 840 3109 tamen
877 3046 970 3110 ultro
1005 3067 1044 3111 se
1076 3048 1277 3112 obtulerunt

332 3147 494 3227 episcopo
510 3145 661 3207 decimas
677 3163 757 3207 suas
774 3164 812 3208 se
828 3145 970 3208 daturos
991 3146 1095 3209 etiam
1116 3146 1158 3209 de
1174 3146 1277 3209 tertio

331 3261 422 3306 anno
437 3251 518 3323 post
532 3244 706 3305 biennium
728 3244 823 3324 prius
844 3261 1064 3323 concessum3
1086 3244 1150 3308 tali
1172 3252 1276 3325 pacto

332 3349 371 3403 ut
389 3342 425 3402 in
446 3341 648 3404 decimando
670 3341 858 3404 secundum
882 3343 1095 3406 taxationem
1114 3342 1275 3420 Walteri,

331 3438 504 3519 quondam
538 3439 773 3502 Norwicensis
809 3439 972 3522 episcopi,
1006 3440 1157 3504 decimas
1193 3459 1275 3503 suas

331 3545 471 3617 possent
496 3539 735 3614 contribuere3
776 3537 868 3618 quod
897 3546 931 3600 et
958 3537 1086 3602 sactum
1115 3547 1176 3604 est.
1230 3538 1275 3602 Et

330 3643 470 3716 propter
503 3634 592 3698 hanc
630 3654 770 3697 causam
804 3644 996 3698 conventus
1030 3636 1066 3699 S.
1103 3636 1276 3700 Edmundi

330 3735 419 3796 bona
429 3752 493 3796 sua
506 3753 527 3796 a
538 3733 631 3796 dicto
643 3733 805 3814 episcopo
817 3733 912 3815 prius
923 3743 1047 3798 taxata
1061 3735 1276 3798 triennalitcr

329 3831 599 3907 decimaverunt,
625 3839 659 3894 et
681 3850 739 3894 eas
762 3832 924 3913 episcopo
954 3832 1169 3897 Norwicensi
1194 3853 1275 3896 con-

330 3930 496 3994 tulerunt.
543 3929 682 3994 Caetera
699 3939 815 3993 autem
837 3931 930 3994 bona
952 3951 1057 3994 suaa
1088 3933 1180 3996 dicto
1202 3932 1275 4011 epi·

327 4047 432 4109 scopo
448 4030 505 4093 W.
520 4049 697 4110 nunquam
717 4036 840 4092 taxata
853 4032 1043 4093 secundum
1060 4030 1275 4094 taxationem
