3074 4508
449 314 642 361 rconnnrn
672 315 954 364 wraonrunnsrs.
1137 303 1180 367 81

222 469 255 530 in
272 469 488 532 convallibus
504 478 539 533 et
550 478 661 533 totum
680 472 936 553 processionale
950 491 1074 552 agmen
1086 475 1179 554 quod

222 569 370 632 antistiti
383 570 520 632 obviam
533 572 774 650 processerat!
828 570 1014 634 Celebrate
1027 580 1080 633 est
1096 591 1179 653 syn·

222 667 309 729 odus
340 667 544 744 Lundoniae‚
568 669 603 730 in
631 670 778 733 ecclesia
808 671 901 732 beati
925 669 1176 750 Apostolorum

221 767 1177 849 principisapudWestmonasterium,menseSepterub.‚

220 871 288 928 1x⁰.
308 865 363 928 die
393 866 549 948 ejusdem
576 868 716 942 mensis,
734 867 768 929 id
798 877 863 943 est,
895 885 927 929 v.
952 868 1031 930 idus
1060 866 1175 948 Sept.;

223 965 280 1025 ubi
304 974 384 1045 post
403 965 587 1028 multarum
613 965 861 1029 discussionem
882 985 1078 1040 causarum,
1095 987 1176 1047 pro·

219 1064 379 1143 mulgata
394 1073 475 1126 sunt
493 1064 567 1126 haec
583 1066 749 1147 capitula,
765 1077 800 1128 et
812 1067 856 1128 ab
872 1066 1031 1129 omnibus
1050 1065 1175 1128 contir-

218 1171 323 1237 mata,
343 1181 484 1226 numero
503 1179 596 1226 xvn.
651 1163 796 1226 Praefuit
811 1173 929 1226 autem
942 1164 1021 1226 huic
1040 1165 1176 1244 synodo

217 1260 399 1324 lohannes
425 1263 468 1324 de
494 1261 645 1335 Crema‚¹
671 1271 800 1325 sanctae
829 1270 864 1324 et
889 1261 1091 1342 apostolicae
1119 1281 1175 1325 ec·

217 1359 343 1435 clesiae,
375 1363 417 1422 de
440 1361 541 1424 titulo
565 1361 601 1424 S.
627 1361 822 1442 crisogoni,
856 1362 1038 1442 presbyter
1062 1360 1175 1423 cardi-

218 1459 319 1532 nalis,
335 1468 371 1521 et
391 1460 520 1521 domini
545 1480 646 1540 papae
667 1461 816 1524 Honorii
839 1461 874 1522 in
893 1459 1059 1540 Angliam
1079 1459 1176 1540 lega-

217 1564 285 1632 tuS,
312 1577 390 1620 cum
409 1557 582 1620 Willelmo
613 1557 877 1632 Cantwariensi,
909 1567 943 1621 et
972 1558 1174 1621 Thurstano

219 1657 430 1719 Eboracensi
457 1656 737 1737 archiepiscopis,
762 1665 898 1718 etcum
923 1657 1094 1736 episcopis
1125 1656 1175 1718 di·

216 1774 392 1817 versarum
411 1756 666 1836 provinciarum
684 1774 826 1818 numero
842 1771 924 1829 xx„
936 1763 972 1817 et
988 1755 1174 1817 abhatibus

215 1854 352 1916 circiter
380 1871 453 1929 xc,
480 1862 515 1916 et
547 1873 626 1916 cum
659 1855 840 1916 innumera
871 1854 954 1917 cleri
985 1862 1020 1916 et
1053 1853 1174 1934 populi

215 1950 448 2016 multitudine.
502 1952 591 2015 Sunt
609 1961 728 2015 antem
746 1951 820 2015 haec
836 1951 1014 2032 capitula:

267 2147 424 2212 Pnnrun
452 2148 687 2212 Carrruuun.
722 2147 927 2211 Sanctorum
947 2154 1087 2227 patrum
1112 2165 1172 2209 re·

216 2246 330 2325 stigiis
356 2247 578 2322 inhaerentes,
596 2266 795 2328 quenquam
811 2247 847 2308 iu
863 2245 1009 2309 ecelesia
1031 2265 1093 2326 per
1110 2265 1172 2327 pe·

215 2343 353 2405 cuniam
392 2345 543 2407 ordinari
583 2346 793 2408 auctoritate
827 2343 1022 2425 apostolica
1053 2345 1172 2425 prohi-

214 2441 347 2504 bemus.

237 2581 239 2583 >
264 2557 303 2603 11.
329 2540 575 2604 Interdicimus
598 2541 705 2604 etiam
728 2549 768 2603 ut
795 2559 858 2622 pro
885 2540 1084 2614 chrismate,
1106 2560 1170 2621 pro

212 2638 302 2713 oleo,
324 2659 388 2720 pro
413 2640 634 2720 baptismate,
650 2659 715 2720 pro
735 2639 953 2720 poenitentia,
968 2659 1031 2720 pro
1050 2639 1170 2701 visita·

213 2737 306 2799 tione
325 2738 539 2800 infirmorum
562 2757 625 2800 seu
649 2738 823 2812 unctione,
848 2757 910 2818 pro
929 2737 1171 2800 communione

212 2837 368 2915 corporis
396 2835 537 2911 Christi,
564 2855 627 2917 pro
654 2836 848 2916 sepultura,
872 2835 1007 2898 nullum
1030 2837 1170 2898 omuino

210 2935 358 3015 pretium
376 2935 549 3015 exigatur.

261 3050 313 3094 111.
344 3034 537 3096 Statnimus
555 3040 735 3115 praeterea,
753 3039 788 3095 et
806 3032 1000 3112 apostolica
1017 3031 1170 3094 auctori-

244 3219 252 3250 ¹
271 3222 442 3274 Johaanesde
463 3219 570 3282 Crem]
589 3219 675 3268 llore-
702 3221 860 3268 severissime
873 3220 905 3267 de
917 3220 1039 3268 uxoribus
1051 3220 1171 3268 sacerdo-

208 3291 257 3338 den
269 3290 315 3337 has
334 3290 471 3349 preserved
489 3290 531 3336 the
544 3289 675 3349 following
702 3295 754 3335 turn
775 3293 919 3342 tractasset,
937 3289 1024 3336 dicens
1043 3303 1170 3336 summum

208 3359 329 3408 anecdote
343 3361 494 3419 conceruing
501 3359 552 3406 this
561 3358 674 3406 cardinal
702 3359 786 3405 scelus
798 3371 853 3405 esse
866 3372 881 3404 a
896 3359 975 3405 latere
986 3359 1126 3406 meretricis
1137 3357 1171 3406 ud

207 3429 277 3476 John
303 3429 335 3476 de
359 3428 466 3476 Cremu:
490 3427 549 3474 ‘Ad
574 3427 676 3474 Pascha
702 3442 794 3487 corpus
807 3425 903 3475 Christi
919 3427 1102 3474 conficiendum
1115 3440 1171 3473 sur·

208 3512 267 3545 rero
278 3496 410 3544 lohannes
427 3496 581 3552 Cremensis,
592 3496 674 3544 cardi·
702 3511 769 3556 gere,
800 3510 858 3543 cum
888 3495 976 3543 eadem
1006 3495 1047 3542 die
1076 3509 1170 3554 corpus

207 3566 273 3613 nalis
286 3566 425 3624 Romanas,
436 3566 569 3614 descendit
585 3566 610 3612 in
621 3566 673 3611 An·
703 3564 797 3612 Christi
809 3565 963 3623 confecissit‚
973 3579 1030 3611 curn
1039 3565 1170 3612 meretrice

207 3636 294 3696 gliarn,
315 3635 534 3694 perendinansque
553 3649 599 3695 per
621 3635 675 3694 epi·
703 3639 759 3694 post
787 3648 920 3693 vesperam
943 3635 1098 3693 interceptus
1122 3639 1169 3681 est.

206 3710 327 3762 scopatus
351 3708 377 3750 et
398 3704 522 3761 abbatias,
550 3718 598 3750 non
621 3705 674 3750 sine
703 3704 752 3751 Res
764 3705 926 3763 apertissima
944 3703 1085 3749 Lunrlonioe
1097 3709 1171 3762 gesta

206 3773 305 3833 magnis
323 3773 480 3829 muneribus,
497 3773 530 3819 ad
548 3773 673 3819 Nativita·
702 3774 788 3832 negari
823 3786 872 3817 non
906 3773 996 3830 potuit.
1049 3771 1169 3817 Summus

206 3847 256 3889 tem
285 3841 387 3888 Sanctae
417 3840 508 3887 Maria
537 3841 675 3888 celebravit
703 3841 780 3887 honor
802 3841 873 3899 prius
897 3840 992 3898 ubique
1016 3838 1119 3885 habitus
1143 3840 1169 3885 in

205 3911 317 3958 solemne
329 3910 465 3957 concilium
483 3910 552 3968 apud
573 3910 673 3956 Laudo·
702 3921 826 3954 summurn
856 3908 969 3955 dedecus
1002 3921 1091 3954 versus
1121 3913 1168 3955 est.

206 3981 271 4039 nias,
285 3980 327 4026 ubi
346 3994 465 4038 magnum
484 3979 507 4025 ei
525 3979 619 4025 accidit
636 3979 672 4023 in·
704 3977 833 4023 llemeavlt
845 3976 924 4036 igitur
936 3977 1027 4035 insua,
1040 3977 1090 4022 Dei
1099 3976 1170 4036 judi·

205 4048 353 4096 fortunium.
378 4047 442 4096 Cum
451 4048 516 4096 eninr
529 4048 554 4094 in
566 4046 673 4095 concilio
701 4047 740 4092 cio
752 4044 874 4092 confusus
887 4050 912 4092 et
924 4045 1095 4105 ingloriosus:

255 4163 340 4208 Turi.
360 4162 396 4206 ll.
996 4160 1014 4201 G
