3074 4508
504 351 697 398 rnonsnru
725 350 1004 398 wrconumusrs
1161 337 1226 399 115

278 502 356 579 Quo
381 507 571 581 venientes,
598 507 642 569 ab
669 506 859 588 apostolica
879 508 959 570 sede
989 510 1227 589 suscipiuntur

277 601 424 668 honore:
448 606 601 686 suseepti
628 605 773 668 concilio
798 607 1028 670 interfuerunt
1051 607 1224 685 Romano,

277 703 394 765 multis
433 705 616 767 retroactis
661 704 786 767 seculis
822 705 1101 787 incomparando.
1170 707 1224 770 lbi

277 802 390 863 causis
411 802 483 865 suis
509 822 571 884 pro
596 803 694 865 libito
717 805 896 884 peroratis,
915 805 957 867 ad
985 805 1123 886 propria
1146 823 1224 867 cum

277 898 403 977 gaudio
426 902 555 963 reversi
575 908 674 963 sunt:
697 920 814 964 secum
834 902 1013 982 synodalia
1032 902 1224 966 deserentes

276 997 415 1061 decreta
445 998 548 1079 longe
578 1000 715 1079 lateque
749 1019 811 1081 per
840 999 1002 1080 Angliam
1030 1000 1105 1082 jam
1142 1020 1224 1064 con·

276 1097 417 1176 scripta.
464 1097 610 1160 Reversi
625 1105 708 1160 sunt
726 1106 761 1161 et
776 1098 844 1162 duo
861 1099 983 1162 fratres
1001 1100 1036 1162 in
1054 1119 1151 1180 pace,
1164 1101 1224 1182 qui
1236 1127 1373 1167 imnum

275 1203 416 1275 propter
446 1195 683 1259 adducendum
717 1196 891 1261 dominum
921 1198 1078 1261 abbatem
1110 1178 1358 1267 Gisle-ll‘i'lf‘lull

275 1291 410 1356 bertum
455 1294 591 1358 fuerant
634 1296 810 1370 destinati,
854 1296 1107 1378 adductumque
1149 1298 1224 1378 regi

275 1388 452 1472 Stephano
473 1402 781 1474 praesentaverunt.
828 1392 860 1455 A
878 1412 946 1474 quo
963 1402 1144 1475 susceptus
1160 1394 1223 1458 ho-

275 1491 427 1566 norifice,
451 1498 591 1572 sumpto
615 1510 754 1572 quoque
781 1491 886 1553 libere
917 1492 1067 1555 dominio
1097 1492 1223 1557 Glaor-

274 1591 389 1652 nensis
411 1591 567 1654 ecclesiae
590 1591 634 1652 ab
657 1590 777 1653 eodem
800 1609 892 1671 rege,
907 1591 961 1654 die
984 1592 1116 1654 solenni
1134 1591 1223 1653 Pen-

276 1693 434 1764 tecostes,
466 1708 544 1769 quae
572 1695 656 1752 tunc
681 1689 784 1752 tertio
811 1689 888 1751 idus
911 1688 1009 1751 Junii
1037 1686 1094 1771 [11
1110 1688 1219 1773 June]

274 1787 525 1862 celebrabatur,
551 1788 769 1868 Wigorniam
795 1789 946 1862 veniens
979 1806 1000 1849 a
1033 1788 1222 1849 venerabili

274 1886 422 1963 praesule
448 1886 696 1949 Heresordensi
714 1886 885 1949 Rotberto
907 1904 984 1947 cum
1008 1886 1146 1965 magnis
1169 1905 1222 1948 or-

274 1982 413 2045 dinatur
428 1983 575 2063 gaudiis,
593 1991 629 2045 et
650 1983 775 2044 divinis
796 1982 977 2045 laudibus:
1000 1982 1147 2063 indeque
1169 2001 1223 2046 se-

274 2081 393 2161 quenti
415 2081 472 2144 die
498 2100 576 2144 cum
601 2080 785 2143 multorum
806 2080 924 2143 favore
942 2080 1147 2161 populorum
1167 2100 1223 2143 or-

273 2178 361 2241 dinis
376 2177 569 2261 utriusque,
583 2197 648 2242 sua
662 2179 898 2242 collocaturin
915 2178 997 2241 sede
1007 2197 1084 2241 cum
1099 2178 1223 2242 laetitia

273 2285 309 2339 et
325 2278 552 2353 exultatione,
565 2285 604 2341 ut
615 2277 721 2341 talem
736 2277 851 2340 decuit
865 2278 976 2339 virum
989 2277 1026 2339 in
1044 2270 1222 2341 Domino.¹

325 2374 470 2438 Octavis
489 2375 649 2450 Paschae,
665 2374 758 2456 quod
781 2381 857 2437 erat
873 2375 1023 2438 secundo
1046 2373 1116 2436 kal.
1133 2375 1220 2437 Maii
1230 2397 1325 2444 stenen
1334 2407 1385 2445 ιο..

259 2469 333 2556 [30
348 2471 466 2557 Apr.],
485 2472 688 2553 magnificus
709 2491 772 2534 rex
796 2470 988 2551 Anglorum
1011 2471 1221 2552 Stephanus,
1230 2446 1355 2542 ll=l⁹⁰³⁰⁹⁸'

272 2571 368 2650 regio
396 2590 475 2633 cum
503 2571 671 2634 comitatu
692 2570 910 2651 Wigorniam
933 2570 1086 2646 veniens,
1112 2571 1221 2632 totius

273 2668 356 2731 cleri
379 2676 416 2731 et
439 2669 628 2733 suburbani
646 2668 766 2750 populi
787 2667 913 2731 festiva
933 2668 1127 2732 admittitur
1142 2688 1221 2749 pro·

272 2768 438 2831 cessione.
503 2768 669 2832 Oratione
693 2766 797 2842 facta,
822 2774 858 2830 et
885 2785 930 2829 ex
957 2786 1052 2830 more
1083 2767 1222 2829 benedi·

272 2867 385 2928 ctione
401 2865 496 2941 data,
514 2866 557 2929 ad
574 2865 685 2928 altare
703 2883 765 2927 rex
783 2863 945 2928 annulum
963 2865 1095 2944 regium
1113 2865 1222 2944 digito

272 2970 468 3027 extractum
486 2963 605 3036 offert3
631 2964 691 3044 qui
709 2963 765 3025 die
782 2963 942 3036 crastino,
954 2962 1125 3026 communi
1140 2981 1221 3024 con-

271 3062 348 3124 silio
374 3064 478 3142 regiae
502 3062 686 3144 presentiae
702 3068 981 3141 repraesentatur.
1033 3058 1221 3122 Admirans

273 3161 392 3241 itaque
417 3179 480 3223 rex
504 3159 757 3240 Wigornensis,
781 3159 885 3221 immo
907 3157 1079 3220 Dominici
1105 3159 1221 3238 gregis

273 3257 437 3320 humilem
479 3257 709 3332 devotionem,
747 3265 787 3320 ut
822 3264 897 3318 erat
936 3255 1127 3337 adjuratus,
1159 3273 1222 3335 per

272 3364 403 3418 sanctae
421 3356 489 3418 Dei
504 3356 681 3437 genitricis
698 3355 821 3416 Mariae
837 3372 1000 3427 amorem,
1015 3354 1144 3434 recepit
1162 3372 1220 3415 an·

272 3454 402 3517 nulum.
456 3453 552 3516 Hinc
561 3453 745 3534 Wigornia
760 3471 822 3514 rex
835 3452 1029 3527 abscedens,
1045 3451 1136 3532 apud
1150 3450 1219 3513 Lu·
1231 3472 1326 3520 unqu

273 3550 403 3614 delawe
431 3558 698 3614 castrametatus
722 3559 785 3626 est,
816 3550 874 3612 ubi
899 3551 935 3612 iu
964 3549 1221 3630 expugnatione
1231 3522 1319 3615 billi?
1315 3569 1358 3607 ana

273 3649 406 3711 castelli
432 3651 525 3730 quod
552 3658 673 3713 contra
694 3649 791 3711 illum
814 3654 899 3722 erat,
922 3648 1054 3710 duobus
1077 3649 1114 3711 in
1136 3648 1221 3709 locis
1231 3621 1330 3707 r‘ll‘il'ui‘

272 3754 434 3809 extructa
451 3748 652 3822 munitione,
672 3748 752 3809 forti
767 3765 869 3808 manu
887 3746 1044 3807 militiam
1059 3744 1199 3807 instruit
1212 3765 1219 3807 :
1232 3719 1336 3760 Μ

272 3844 406 3907 rediens
425 3863 486 3925 per
503 3845 734 3924 wigorniam,
753 3846 860 3906 movit
878 3843 1130 3923 expeditionem
1147 3861 1223 3904 ver·

433 4062 440 4091 ¹
459 4065 571 4128 Suscepti
584 4101 590 4114 .
604 4101 611 4114 .
625 4099 649 4114 ..
663 4064 787 4126 Domino]
806 4063 871 4113 Ado.
883 4065 941 4114 edit.
963 4067 991 4114 C.
1004 4066 1070 4114 omit.

1051 4171 1059 4206 1
1078 4163 1093 4206 2
