3074 4508
343 333 409 398 128
592 350 838 398 oonrrnulrro
860 350 1036 398 cunourcr

179 519 282 618 ἓξὲξ
343 508 459 584 multi,
489 508 714 590 quamplures
743 505 968 570 vulnerantur
996 513 1031 568 et
1063 505 1290 578 occiduntur;

179 619 262 659 Tuba-
344 626 491 688 quorum
507 627 597 670 unus
621 606 802 670 Galfridus
821 605 1020 680 TalebotuS,
1038 603 1137 667 miles
1154 605 1293 686 quidem

344 712 508 769 strenuus
531 706 591 769 sed
615 705 768 779 dolosuS,
783 724 871 768 nunc
889 705 980 766 enim
1008 722 1087 765 cum
1104 721 1186 782 rege
1203 721 1292 766 nunc

345 823 423 866 cum
435 805 573 878 comite,
585 805 700 867 omnia
712 822 818 884 agens
828 805 860 864 in
871 803 964 878 dolo,
979 809 1090 865 morte
1106 809 1206 864 tenus
1217 801 1290 864 rul-

344 908 510 964 neratur:
543 921 613 982 quo
637 902 780 965 vulnere
802 901 982 964 defunctus
1005 916 1059 963 xr.
1075 898 1212 964 kalend.
1230 899 1293 963 Se·

344 999 513 1078 ptembris
530 999 590 1078 [22
604 999 728 1078 Aug.],
740 999 900 1062 Glaornae
915 999 1083 1079 sepelitur
1097 1016 1174 1059 cum
1187 1015 1291 1061 cano-

177 1109 320 1158 Nottlnernm
342 1097 439 1160 uicis.
482 1096 599 1176 Regia
615 1115 696 1158 vero
712 1116 832 1157 manus
847 1098 993 1159 victoria
1010 1095 1152 1176 potitur.
1196 1095 1290 1159 Ante

176 1161 323 1250 {iiiirbdriiff
344 1193 577 1257 Nativitatem
599 1193 739 1256 Sanctae
756 1193 878 1256 Mariae
898 1190 934 1276 [8
951 1190 1081 1276 Sept.],
1100 1192 1288 1268 Robertus,

177 1263 252 1305 ‘w’
343 1269 436 1356 lilius
450 1292 596 1356 Heurici
611 1292 716 1373 regis,
726 1292 888 1354 instinctu
902 1291 1081 1372 Radulpbi
1096 1291 1291 1372 Paganelli,

342 1393 533 1473 assumptis
550 1411 668 1454 secum
686 1390 855 1471 equitibus
871 1391 1006 1454 comitis
1021 1390 1064 1452 de
1081 1389 1289 1467 Warewica,

341 1510 420 1553 cum
448 1491 500 1552 bis
519 1509 606 1570 quos
632 1491 674 1554 de
701 1489 896 1553 Glocestria
921 1490 1127 1565 adduxerat,
1150 1495 1185 1552 et
1211 1490 1288 1553 aliis

341 1588 606 1668 quamplurimis
624 1589 793 1668 gregariis
809 1588 984 1663 militibus,
1002 1588 1130 1651 invasit
1147 1595 1288 1670 repente

340 1688 462 1748 urbem
477 1686 755 1765 Snottingaham,
768 1698 801 1749 et
817 1705 959 1749 vacuam
975 1688 1149 1764 reperiens
1164 1686 1287 1748 bellico

339 1791 525 1864 apparatu,
541 1783 723 1844 devastare
740 1785 854 1862 coepit,
871 1782 1003 1844 civibus
1022 1783 1173 1862 undique
1196 1783 1288 1864 fugi-

339 1881 478 1942 entibus
508 1879 552 1943 ad
579 1881 754 1943 ecclesias.
808 1880 937 1960 Captus
965 1889 1021 1943 est
1045 1900 1135 1943 unus
1160 1880 1288 1945 civium

339 1979 400 2059 qui
425 1978 633 2060 locupletior
663 1998 739 2041 esse
768 1978 952 2053 dicebatur,
986 1988 1022 2042 et
1051 1980 1180 2043 arctius
1207 1999 1289 2044 con·

339 2078 483 2142 strictus
498 2078 623 2140 ductus
637 2083 691 2140 est
715 2077 759 2140 ad
777 2077 911 2140 domurn
928 2097 1040 2152 suam,
1055 2086 1092 2140 et
1106 2079 1287 2158 pecuniam

340 2194 441 2238 suam
458 2176 605 2256 prodere
623 2183 776 2237 coactus.
825 2173 874 2236 At
896 2174 955 2237 ille
972 2175 1009 2236 in
1026 2176 1288 2240 subterraneum

341 2291 443 2334 suum
470 2262 654 2353 praedones
680 2272 787 2335 nimia
810 2270 991 2334 saevientes
1019 2272 1209 2352 cupiditate
1234 2273 1288 2336 in·

342 2369 457 2446 duxit,
486 2371 546 2433 ubi
575 2368 687 2432 omnis
716 2367 871 2451 supellex
901 2368 965 2432 sua
995 2368 1178 2434 videbatur
1199 2390 1288 2436 esse.

343 2467 421 2530 Illis
436 2470 555 2550 itaque
581 2468 673 2531 circa
697 2467 918 2548 direptionem
943 2486 1057 2531 rerum
1075 2469 1228 2545 intentis,
1252 2478 1289 2533 ct

341 2567 432 2629 ostia
454 2575 607 2630 etseras
629 2565 877 2646 frangentibus
907 2565 966 2628 ille
987 2565 1112 2629 callide
1137 2565 1289 2648 elapsus,

340 2683 497 2728 cameras
524 2673 560 2728 et
582 2664 705 2727 deiude
728 2664 840 2726 aulam
865 2682 1038 2745 egressus,
1060 2665 1151 2727 ostia
1173 2666 1290 2729 omnia

339 2770 421 2842 post
435 2781 474 2825 se
489 2762 627 2838 clausit,
641 2767 678 2825 ct
695 2762 781 2823 seris
797 2760 955 2838 firmavit,
974 2770 1011 2824 et
1027 2763 1189 2843 imposito
1206 2763 1288 2844 igne

340 2861 462 2924 domos
485 2862 569 2923 suas
595 2867 632 2923 ct
657 2879 793 2923 omnem
817 2859 1066 2940 supellectilem
1092 2879 1191 2924 suam
1208 2881 1287 2924 cum

339 2959 425 3040 ipsis
448 2958 670 3039 praedonibus
691 2958 847 3021 incendio
870 2957 1022 3021 tradidit.
1076 2957 1208 3021 Ferunt
1224 2978 1287 3022 au·

340 3064 409 3119 tem
435 3057 586 3138 amplius
607 3055 712 3138 q'uam
736 3072 845 3132 xxx,
865 3057 925 3136 qui
945 3057 1209 3120 subterraneum
1232 3059 1286 3121 in·

339 3159 531 3228 traverant,
564 3155 625 3217 illo
662 3153 819 3216 incendio
855 3155 1065 3229 combustoS,
1098 3153 1133 3217 et
1168 3155 1287 3219 dicunt

339 3252 481 3332 quidam
497 3252 589 3334 quod
614 3253 657 3314 d'e
680 3251 741 3314 illo
766 3252 921 3316 incendio
945 3258 1022 3315 tota
1045 3253 1127 3314 urbs
1149 3272 1287 3318 concre-

338 3359 434 3412 mata
449 3352 515 3429 sit;
540 3369 620 3413 nam
635 3350 761 3412 milites
777 3369 902 3426 omneS,
919 3351 1099 3431 omnisque
1114 3352 1288 3415 exercitus

339 3449 509 3511 immunes
523 3469 561 3512 se
577 3449 621 3510 ab
636 3449 713 3528 ipso
730 3448 884 3510 incendio
896 3448 1097 3530 juramento
1114 3458 1285 3514 asserunt.

173 3560 297 3600 andnamt·
340 3545 532 3608 Combusta
565 3554 618 3608 est
645 3547 765 3625 itaque
798 3555 870 3607 tota
905 3546 999 3620 urbe,
1033 3553 1069 3608 et
1100 3547 1158 3625 qui
1188 3557 1289 3610 extra

338 3644 504 3706 ecclesias
521 3645 599 3723 capi
614 3650 778 3725 poterant
793 3642 918 3723 captivi
934 3643 1131 3720 ductisunt,
1146 3646 1284 3725 quidam

338 3743 444 3804 etiarn
479 3761 591 3823 usque
629 3743 674 3804 ad
709 3740 907 3803 Glaornam.
975 3740 1165 3822 Reliquum
1204 3764 1285 3807 vero

336 3839 479 3921 vulgae,
499 3841 564 3902 viri
589 3840 734 3915 scilicet,
755 3858 826 3902 cunr
846 3839 1045 3902 mulieribus
1066 3851 1101 3904 et
1119 3840 1287 3923 parvulis,

336 3940 396 4018 qui
415 3940 580 4002 ecclesias
604 3939 824 4011 intraverant,
849 3956 927 4000 cum
951 3938 1066 4018 egredi
1091 3958 1159 4001 non
1182 3940 1287 4002 aude·

335 4044 412 4099 rent
431 4057 475 4098 ne
493 4039 536 4099 ab
553 4038 711 4100 hostibus
736 4044 950 4117 caperentur,
972 4037 1140 4099 saeviente
1160 4037 1287 4117 ubique
