3074 4508
461 333 654 382 rnornnrn
683 334 965 383 wreonnrnnsrs.
1122 320 1188 383 113

227 487 385 564 castella
409 496 446 552 et
464 488 605 568 ingenia
625 488 700 570 ejus
728 485 782 550 vel
807 487 1027 550 succiderunt
1054 487 1108 549 vel
1134 489 1185 550 in·

227 587 428 662 cenderunt,
459 586 587 650 multos
617 587 834 668 perimentes.
889 584 991 650 Unde
1016 585 1091 668 Jam
1124 586 1185 649 de·

227 695 347 764 sperat
364 686 441 766 capi
459 685 493 747 id
509 684 635 766 posse.¹
688 685 842 766 Septimo
860 684 915 747 die
936 684 1063 748 mensis
1080 683 1183 748 Octo·
1197 702 1320 743 eamn

1197 763 1250 800 nary
1259 762 1327 793 atmo-

227 783 310 858 bris,
337 785 421 846 luna
444 784 617 847 existente
643 784 819 859 XX1x.,in
847 783 1052 865 crepusculo
1071 785 1339 851 noctis-meriente-

226 889 341 944 sextae
368 881 524 957 Sabbati,
546 900 666 945 versus
691 882 904 963 aquilonales
928 890 1047 962 partes
1071 884 1180 946 visum
1195 861 1296 891 ''mu''

226 990 282 1041 est
326 979 580 1043 firmamentum
627 988 736 1043 totum
787 980 1040 1056 rubicundum
1093 981 1182 1043 radii

227 1077 333 1148 etiam
350 1079 477 1142 diversi
494 1079 621 1142 coloris
632 1079 699 1142 visi
714 1085 806 1155 sunt,
822 1079 957 1142 mixtim
973 1089 1182 1160 apparentes

226 1184 262 1239 et
284 1186 540 1242 evanescentes.
586 1178 696 1241 Erant
727 1178 800 1242 haec
832 1179 920 1241 sorte
950 1177 1181 1258 significantia

225 1276 413 1338 maximam
452 1296 556 1358 quam
591 1277 846 1357 praelibavimus
875 1277 1055 1357 sanguinis
1094 1276 1181 1339 effu-

224 1373 370 1448 sionem,
387 1375 516 1437 factam
531 1394 593 1456 per
606 1374 641 1437 N
644 1376 903 1456 orthymbriam‚
921 1376 1005 1438 etin
1021 1374 1180 1454 plurimis

226 1472 303 1533 aliis
327 1472 411 1535 locis
438 1491 500 1553 per
515 1470 705 1553 angilane
756 1472 897 1551 Magnae
916 1472 969 1534 vir
989 1471 1179 1549 religionis
1192 1492 1336 1592 ffiflffi,

225 1571 400 1632 coenobita
424 1570 575 1651 quidam,
605 1571 648 1632 de
679 1568 767 1633 cella
795 1570 945 1650 quadam
969 1568 1044 1649 Ege
1072 1569 1293 1680 d¹⁰t³22322³g¹35¹

226 1667 425 1732 Willelmus
460 1671 607 1744 nomine,
634 1669 706 1750 jarn
739 1669 868 1731 electus
903 1686 924 1730 a
955 1667 1303 1747 Wigornensrrmrore.

224 1768 374 1846 praesule
396 1768 545 1844 Simone,
572 1784 639 1830 ΧΗ.
668 1767 739 1830 kal.
766 1767 948 1829 Decembr.
974 1765 1033 1846 [20
1052 1764 1175 1852 Nov.]‚

224 1864 280 1926 die
297 1867 493 1940 Dominica‚
515 1867 623 1929 abbas
641 1865 840 1928 Persorensi
863 1864 1016 1927 ecclesiae
1040 1864 1176 1928 ordina-

223 1969 282 2022 tur
304 1963 508 2043 Wigorniae.
560 1963 735 2042 Rogerius
758 1962 1020 2025 saresbiriensis
1042 1963 1296 2042 episco-neuoor

222 2077 301 2138 pus,
327 2060 561 2137 castellorum,
588 2078 774 2134 murorum,
801 2059 980 2122 domorum
1012 2057 1177 2133 fundator
1188 2033 1336 2134 iffiioiil⁰‘

222 2160 434 2240 praecipuus,
456 2178 528 2240 prae
550 2158 668 2221 dolore
691 2165 725 2221 et
748 2157 889 2221 tristitia
909 2156 1116 2234 infirmatus,
1139 2166 1175 2222 et

222 2257 266 2318 ad
313 2257 417 2320 finem
452 2258 535 2320 vitae
574 2257 768 2339 perductus,
811 2255 903 2338 apud
942 2256 1174 2337 episcopalem

220 2353 351 2429 sedem,
370 2355 522 2417 secundo
539 2374 650 2418 nonas
666 2354 846 2417 Decembr.
864 2354 900 2434 [4
920 2353 1038 2433 Dec.],
1054 2353 1176 2416 defun·

221 2450 344 2530 gitur,³
360 2453 444 2516 etin
460 2452 577 2515 eadem
594 2452 740 2514 ecclesia
757 2451 937 2533 sepelitur,
952 2450 1123 2514 infinitam
1139 2452 1176 2514 in
1186 2465 1316 2506 soriche·-

220 2550 374 2612 castellis
401 2551 474 2612 suis
498 2550 695 2631 relinquens
716 2548 910 2632 pecuniam,
940 2567 1110 2630 quaenon
1137 2550 1175 2612 in

221 2647 302 2724 Dei,
332 2648 391 2711 sed
426 2649 518 2728 regis
551 2647 719 2730 Stephani
751 2655 827 2710 tota
859 2649 966 2711 cessit
996 2646 1032 2709 in
1061 2666 1175 2715 usum.

219 2744 310 2809 Sunt
325 2746 385 2827 qui
400 2747 518 2809 dicunt
534 2746 613 2828 plus
630 2763 691 2808 xn.
707 2746 815 2808 millia
828 2764 1023 2808 marcarum
1038 2746 1176 2825 argenti

217 2842 267 2905 ibi
292 2845 400 2907 fuisse
424 2852 573 2926 roperta,
596 2863 719 2907 aurum
739 2862 879 2926 quoque
896 2843 1044 2905 multum
1072 2844 1174 2906 nimis

218 2960 298 3004 cum
328 2944 498 3006 varietate
530 2950 811 3006 ornamentorum
843 2940 1104 3017 thesaurizavit,
1139 2950 1176 3004 et

217 3039 395 3118 ignoravit
418 3042 475 3103 cui
497 3042 726 3122 congregavit
742 3060 794 3104 ea.
847 3038 1032 3122 Templum
1055 3040 1092 3102 in
1115 3039 1174 3102 ho

253 3229 379 3294 Ῥω]
407 3233 447 3280 As
477 3247 493 3281 a
523 3233 685 3294 supplement
710 3232 889 3280 Saresbiriensi
908 3231 1023 3291 castello,
1041 3231 1111 3278 circa
1131 3243 1175 3277 ur-

215 3305 240 3348 to
262 3301 305 3348 the
328 3315 429 3363 meagre
455 3302 506 3350 and
533 3303 683 3362 incompleta
709 3302 765 3349 bern
777 3299 1055 3361 Brucgaeobsidionem
1069 3298 1174 3360 invigi-

213 3375 323 3417 account
350 3370 380 3418 of
404 3370 446 3418 the
474 3371 559 3419 Battle
587 3371 617 3418 of
640 3371 683 3419 the
708 3371 744 3417 lia
757 3370 784 3419 S.
798 3367 1173 3428 Bartholomoeigaudensage·

213 3438 343 3486 Staudard
365 3441 400 3500 by
418 3441 461 3488 the
482 3442 640 3488 continuator
657 3441 685 3488 of
709 3439 759 3487 bat.
785 3439 827 3486 Ibi
839 3452 940 3498 quoque
952 3438 1059 3497 positus,
1070 3436 1171 3484 cuidam

214 3506 346 3567 Florence,
365 3523 407 3557 see
426 3509 468 3556 the
486 3524 554 3557 more
572 3509 681 3556 circurn-
707 3507 828 3555 monacho
844 3507 876 3554 de
894 3506 1003 3568 quadarn
1026 3505 1093 3553 cella
1116 3505 1172 3566 Ege

213 3577 318 3623 stantial
342 3579 482 3625 narratives
503 3578 531 3625 os
547 3577 608 3626 Joh.
630 3578 681 3625 and
706 3576 784 3636 dicta,
796 3574 1172 3634 Gulielmonomine,conesta-

213 3643 271 3693 Ric.
286 3645 456 3707 Hagustuld„
467 3647 558 3694 Ailred
578 3647 679 3696 Rieval.
705 3646 799 3693 bularii
811 3645 927 3705 ejusdem
942 3644 992 3691 loci
1004 3643 1103 3691 castelli
1116 3657 1171 3703 ger·

211 3713 244 3760 de
260 3714 332 3760 Bello
341 3715 680 3777 Standardi‚ap.Twysden,
705 3728 787 3775 mano,
800 3713 963 3761 Persorensis
975 3711 1092 3759 ecclesiae
1105 3726 1171 3770 prae·

211 3783 263 3828 and
276 3782 313 3829 H.
327 3782 470 3844 Huntinpd.
705 3783 824 3831 lationem
836 3783 971 3830 concessit.
989 3780 1060 3826 Edit.

247 3847 416 3913 ²Anglium.]
444 3853 553 3899 Peracta
571 3853 678 3898 Assum-

211 3921 298 3979 ptione
315 3921 343 3968 S.
360 3921 452 3967 olariae
467 3919 509 3982 [15
524 3920 618 3982 Aug.]‚
630 3921 677 3967 hu·
739 3914 749 3945 ³
767 3917 941 3978 Drsuagitur]
962 3915 1003 3963 He
1016 3914 1061 3961 did
1074 3920 1116 3960 not
1127 3913 1169 3960 die

205 3989 323 4047 jusmodi
335 3989 403 4037 fama
414 3990 528 4037 victoria
540 3989 574 4036 ad
592 4004 676 4050 regern
703 3987 742 4034 till
760 3987 802 4034 the
822 3992 881 4034 next
898 4000 968 4046 year,
984 3984 1050 4032 Dec.
1066 3987 1106 4030 ll.
1131 3983 1171 4031 W.

211 4072 293 4117 usque
311 4060 436 4120 pervenit,
453 4059 498 4119 qui
515 4064 585 4120 tunc,
602 4063 677 4118 capto
705 4056 794 4104 Malm.
806 4071 832 4116 p.
844 4059 910 4120 727„

262 4170 348 4215 Toni.
369 4170 408 4217 11.
1006 4169 1017 4216 1
