3074 4508
434 345 626 394 rnonnnrn
652 342 928 393 wrconnmnsrs.
1092 329 1158 392 259

257 498 471 577 Alexander,
499 501 567 564 Dei
596 499 711 582 gratia
737 518 800 562 rex
835 498 970 575 Scotiae,
1000 499 1158 582 omnibus
1171 516 1323 605 3133ssle

211 595 341 661 Christi
358 600 527 677 fidelibus,
543 601 609 663 hoc
636 601 801 680 scriptum
827 599 951 661 visuris
979 599 1033 662 vel
1063 599 1159 661 audi·
1172 616 1203 655 11.
1214 617 1316 663 feremur

1111 699 1117 710 ,
1171 669 1193 703 to
1202 666 1240 703 the
1249 675 1306 703 mar·

208 696 308 771 turiS,
340 699 500 763 salutem.
568 699 626 762 Ad
666 706 815 761 vestram
848 700 1006 761 volumus
1040 714 1301 761 vennermeoru·

208 795 381 872 notitiam,
399 818 462 862 nos
480 819 542 881 pro
558 799 658 861 nobis
675 808 709 860 et
724 797 915 861 haeredibus
932 797 1059 860 nostris
1076 816 1157 860 con·
1171 763 1321 861 ffirttgtolre

208 894 367 972 cessisse,
383 906 418 961 et
442 898 590 961 fideliter
613 897 812 979 promisisse
826 897 1002 959 carissimo
1019 904 1054 958 et
1071 895 1156 976 ligio
1171 862 1299 911 mmm

209 990 348 1056 domino
373 1004 491 1059 nostro
511 996 679 1072 Henrico,
699 995 766 1059 Dei
788 995 900 1075 gratia
922 994 995 1074 regi
1017 993 1156 1074 Angliae

206 1090 346 1168 illustri,
373 1096 512 1159 domino
536 1095 740 1178 Hyberniae,
770 1092 849 1155 duci
874 1092 1098 1156 Normanuiae
1121 1102 1156 1156 et

206 1189 417 1270 Aquitaniae,
435 1202 469 1258 et
487 1195 605 1258 comiti
625 1192 848 1274 Andagaviae,
863 1200 897 1254 et
916 1191 987 1255 suis
1011 1191 1156 1254 haeredi·

205 1289 282 1364 bus,
299 1293 390 1371 quod
406 1293 442 1355 in
463 1303 668 1376 perpetuum
689 1295 719 1358 ei
739 1295 862 1356 bonam
882 1291 981 1355 fidem
1003 1292 1156 1354 servabi-

206 1407 295 1464 muS,
313 1391 443 1470 pariter
458 1403 493 1458 et
518 1413 682 1457 amorem.
727 1392 772 1455 Et
791 1391 881 1473 quod
899 1410 1073 1472 nunquam
1095 1390 1156 1452 ali·

208 1489 291 1566 quid
310 1490 424 1554 foedus
440 1493 603 1555 inibimus
618 1512 680 1573 per
697 1509 771 1566 noS,
783 1489 838 1553 vel
853 1508 913 1570 per
926 1489 1060 1570 aliquos
1076 1508 1157 1551 nos-

208 1595 280 1648 tros
295 1608 340 1650 ex
358 1598 458 1671 parte
475 1600 607 1666 nostra,
627 1610 704 1654 cum
724 1589 868 1652 inimicis
883 1607 1001 1669 regum
1017 1586 1158 1667 Angliae

210 1687 264 1747 vel
291 1688 468 1753 haeredum
488 1711 643 1766 suorum,
663 1689 706 1752 ad
729 1707 886 1770 guerram
909 1687 1159 1769 procurandam

210 1786 265 1847 vel
287 1788 493 1866 faciendam,
516 1790 608 1853 unde
624 1790 784 1852 damnum
808 1787 856 1848 eis
877 1786 931 1849 vel
954 1787 1067 1866 regnis
1087 1787 1159 1847 suis

211 1883 350 1964 Angliae
378 1896 414 1951 et
449 1889 654 1971 Hyberniae,
687 1894 749 1949 aut
783 1885 915 1948 caeteris
952 1883 1052 1948 terris
1084 1885 1158 1946 suis

210 1985 361 2060 eveniat,
388 1987 442 2048 vel
462 1988 572 2067 possit
594 1986 811 2066 aliquatenus
834 1982 983 2058 evenire,
1008 1982 1074 2044 nisi
1094 2001 1159 2044 nos

210 2082 339 2164 injuste
355 2093 515 2164 gravent.
556 2084 803 2164 stantibusque
817 2081 853 2143 in
868 2099 930 2143 suo
946 2083 1068 2144 robore
1080 2099 1161 2143 con-

212 2184 433 2246 ventionibus
453 2185 545 2247 inter
567 2202 630 2247 nos
649 2189 684 2245 et
700 2181 829 2245 dictum
845 2179 1020 2242 dominum
1043 2198 1159 2259 regem

213 2279 354 2361 Angliae
369 2283 465 2346 initis
480 2282 605 2345 ultimo
622 2280 714 2363 apud
732 2281 938 2354 Eboracum,
955 2279 990 2342 in
1008 2297 1161 2361 praesen-

213 2379 261 2441 tia
285 2380 416 2443 domini
440 2381 600 2458 Othonis,
623 2380 743 2443 Sancti
770 2377 1164 2442 Nicholai-in-Carcere-

213 2476 308 2542 Tull.
325 2479 475 2557 diaconi,
491 2488 575 2543 tunc
591 2479 791 2560 apostolicae
808 2477 899 2540 sedis
914 2476 1021 2558 legati
1036 2476 1070 2538 in
1087 2474 1163 2538 An·

214 2577 298 2657 glia.
328 2578 374 2640 Et
389 2579 496 2641 salvis
512 2578 799 2641 conventionibus
810 2575 910 2638 sactis
925 2594 1028 2655 super
1042 2575 1163 2637 matri-

213 2677 330 2739 monio
345 2677 580 2742 contrahendo
595 2678 685 2740 inter
702 2676 808 2738 filium
829 2681 982 2737 nostrum
1000 2681 1036 2736 et
1056 2673 1162 2735 filiam

213 2774 296 2838 dicti
311 2776 442 2839 domini
457 2778 549 2858 regis
560 2774 711 2856 Angliae.
739 2774 784 2838 Et
800 2781 839 2836 ut
852 2773 927 2836 haec
944 2779 1063 2835 nostra
1080 2791 1163 2834 con-

215 2875 326 2936 cessio
361 2884 397 2938 et
431 2876 627 2956 promissio,
659 2892 723 2954 pro
759 2872 859 2935 nobis
897 2878 933 2934 et
970 2869 1164 2932 haeredibus

217 2973 343 3034 nostris
377 2983 555 3055 perpetuae
585 2972 760 3036 firmitatis
786 2972 893 3033 robur
923 2969 1091 3042 obtineat,
1116 2967 1166 3030 fe·

215 3072 324 3132 cimus
337 3071 457 3153 jurare
473 3074 509 3135 in
525 3073 676 3135 animam
689 3077 840 3133 nostram
853 3068 1000 3132 Alanum
1019 3066 1165 3129 Hostia·

215 3170 317 3243 rium,
342 3171 392 3233 H.
418 3171 460 3260 de
493 3170 635 3233 Bailloil
670 3177 705 3231 et
735 3176 889 3242 caeteros,
919 3165 1011 3247 quod
1051 3164 1168 3229 omnia

216 3267 384 3347 praedicta
408 3270 500 3332 bona
526 3269 593 3332 fide
616 3267 759 3329 firmiter
784 3275 818 3329 et
839 3255 985 3327 fideliter
1002 3266 1166 3326 observa·

220 3368 340 3429 bimus.
395 3367 441 3430 Et
467 3367 626 3430 similiter
644 3367 765 3448 jurare
790 3364 932 3427 fecimus
954 3361 1166 3424 venerabiles

217 3473 347 3546 patres,
363 3468 493 3542 David,
511 3466 738 3538 Willclmum,
755 3476 790 3526 et
806 3461 1010 3534 Galfiidum,
1034 3468 1069 3522 et
1086 3459 1165 3523 Cle·

219 3574 381 3640 mentem,
408 3565 444 3629 S.
461 3565 623 3640 Andreae,
648 3562 846 3626 Glasconiae
863 3569 897 3623 et
924 3568 1066 3623 caeteros
1093 3559 1165 3639 epi-

219 3684 355 3745 scopos
409 3664 455 3726 Et
478 3672 646 3745 praeterea
660 3661 778 3724 fideles
799 3667 946 3734 nostros,
974 3657 1166 3719 Patricium

220 3764 382 3826 comitem
415 3762 458 3824 de
490 3762 649 3834 Dunbar,
683 3758 906 3822 Malcolmum
939 3756 1099 3818 comitem
1124 3754 1166 3815 de

222 3861 315 3935 Viel,
333 3871 366 3922 et
391 3866 556 3935 caeter0s3
581 3857 672 3938 quod
694 3858 802 3919 sinos
818 3854 872 3916 vel
888 3853 1038 3916 haeredes
1057 3853 1167 3914 nostri

221 3968 343 4023 contra
356 3958 614 4022 concessionem
631 3965 666 4018 ct
679 3956 875 4037 praedictam
894 3951 1167 4033 promissionem,

221 4061 312 4142 quod
348 4059 449 4132 absit,
479 4056 684 4129 venerimuS,
715 4054 782 4134 ipsi
807 4061 842 4115 et
867 4051 1018 4114 haeredes
1048 4069 1167 4113 eorum

994 4171 1037 4215 s2
