3074 4508
338 368 403 431 246
590 382 839 431 corvmnvamo
863 384 1038 431 canonici

340 539 457 616 etiam,
473 547 639 621 tauquam
666 541 817 615 domino,
839 538 1059 602 castellorum
1075 535 1200 600 Scotiae
1218 529 1294 617 [cu-

341 637 534 723 stodiam],¹
550 648 622 701 tam
647 639 734 702 citra
757 659 850 702 mare
876 637 1051 701 Scoticum
1070 654 1173 717 quam
1190 633 1293 708 ultra,

343 757 414 799 una
431 755 509 798 cum
525 736 641 817 sigillo
660 736 787 800 Scotino
803 736 1143 809 commendaverunt,
1160 732 1294 813 sibique

343 833 545 896 fidelitatem
568 834 790 914 juraverunt,
806 845 841 898 et
862 856 924 918 per
940 836 1061 899 literas
1075 852 1157 896 suas
1172 837 1293 914 paten-

346 940 398 995 tes
416 931 481 992 sibi
497 931 718 995 securitatem
736 934 985 1013 praestiterunt,
1003 940 1039 996 et
1056 938 1095 994 ut
1112 930 1163 994 illi
1177 929 1235 1012 qui
1258 929 1294 990 in

344 1048 452 1110 regno
471 1028 597 1092 Scotioe
609 1029 669 1112 jus
685 1031 752 1092 sibi
767 1031 1033 1094 vindicaverunt
1044 1029 1175 1112 judicio
1192 1026 1295 1091 curiae

346 1127 438 1208 regis
457 1126 597 1209 Angliae
613 1137 706 1191 stare
722 1129 897 1205 deberent,
914 1128 1170 1211 adjudicarunt.
1215 1124 1296 1203 Quo

347 1227 452 1300 facto,
484 1225 643 1290 dominus
669 1225 706 1289 J.
725 1226 767 1289 de
792 1226 930 1303 Baillol‚
954 1236 988 1291 et
1013 1227 1170 1290 dominus
1194 1223 1238 1287 R.
1253 1224 1297 1286 de

348 1324 465 1400 Bruis,
507 1326 634 1406 aliique
678 1326 818 1406 quidam
848 1326 989 1388 inferius
1022 1324 1200 1399 nominati,
1233 1342 1297 1404 pro

344 1423 424 1506 jure
446 1443 510 1488 suo
528 1425 732 1488 vindicando
754 1445 791 1488 se
814 1424 1024 1489 obtulerunt.
1078 1422 1147 1501 Qui
1162 1421 1298 1485 tandem

348 1523 382 1584 in
401 1522 465 1584 hoc
485 1535 744 1600 consenserunt,
761 1532 800 1587 ut
824 1542 885 1588 x1..
902 1526 1054 1588 virorum
1068 1521 1231 1603 legalium
1255 1518 1297 1583 de

348 1628 495 1701 utroque
518 1643 623 1702 regno
648 1643 692 1685 ex
715 1641 786 1684 una
812 1631 923 1704 parte,
940 1631 974 1686 et
989 1622 1147 1685 similiter
1168 1636 1228 1681 xv..
1253 1638 1297 1680 ex

348 1718 459 1780 altera
473 1729 583 1799 parte,
599 1739 730 1782 necnon
745 1729 780 1781 et
795 1737 864 1782 xx.
878 1741 921 1781 ex
936 1728 1035 1800 parte
1048 1718 1139 1798 regis
1151 1717 1299 1797 Angliae,

348 1815 490 1878 arbitrio
506 1835 543 1877 se
559 1819 831 1880 committerent:
856 1826 895 1879 ut
912 1817 1070 1880 videlicet
1085 1816 1298 1896 singulorum

348 1913 543 1975 rationibus
564 1924 598 1977 et
618 1915 756 1998 juribus
774 1935 891 1979 coram
906 1916 992 1998 ipsis
1015 1913 1185 1996 allegatis,
1200 1932 1299 1976 suam

349 2031 453 2092 super
485 2012 550 2076 hoc
582 2015 787 2077 sententiam
823 2015 859 2077 in
891 2015 1043 2077 crastino
1076 2013 1111 2078 S.
1126 2011 1300 2076 Petri-ad·

351 2109 501 2173 Vincula
529 2113 568 2194 [2
593 2112 703 2194 Aug]
730 2113 990 2194 promulgarent
1014 2121 1048 2174 et
1076 2110 1299 2192 publicarent.

350 2207 430 2283 Quo
457 2208 564 2284 facta,
589 2229 652 2272 rex
680 2208 819 2290 Angliae
845 2211 1045 2290 episcopum
1069 2209 1112 2271 de
1138 2207 1300 2271 Cathens.

350 2306 594 2369 cancellarium
618 2307 744 2370 Scotiae
771 2308 960 2383 constituit,
984 2308 1040 2371 cui
1066 2307 1170 2368 etiam
1196 2325 1301 2368 unum

351 2402 393 2465 de
416 2402 550 2466 clericis
572 2406 655 2480 suiS,
673 2406 915 2468 cancellarium
939 2404 1091 2486 Angliae‚
1107 2402 1302 2466 Walterum

351 2501 393 2564 de
409 2501 648 2565 Amundham²
658 2503 831 2566 dominum
842 2505 1041 2580 associavit,
1051 2503 1150 2585 cujus
1161 2502 1303 2565 consilio

352 2606 387 2662 et
408 2619 552 2663 assensu
577 2603 692 2664 omnia
714 2602 827 2666 forent
851 2602 1010 2665 facienda
1032 2609 1067 2664 et
1090 2600 1302 2682 exequenda.

354 2697 586 2761 Castellorum
601 2718 683 2762 vero
707 2700 899 2762 custodiam
919 2699 1079 2762 fidelibus
1099 2699 1182 2774 suis,
1199 2706 1304 2779 prout

353 2796 419 2857 sibi
439 2796 633 2872 videbatur,
659 2797 845 2860 distribuit.
890 2797 994 2860 Pacis
1018 2797 1123 2860 etiam
1145 2802 1180 2858 et
1208 2802 1303 2858 tran-

353 2893 538 2974 quillitatis
554 2895 714 2958 custodes
731 2896 885 2976 aliosque
902 2895 1070 2976 regalium
1087 2894 1305 2974 negotiorum

353 2999 568 3068 executores
582 3001 653 3056 tam
668 2994 756 3056 citra
767 3013 861 3056 mare
875 3013 979 3074 quam
992 2994 1097 3067 ultra,
1113 2992 1304 3055 constituit.

354 3088 397 3151 In
421 3092 572 3152 crastino
597 3092 706 3172 igitur
726 3091 760 3153 S.
779 3091 874 3155 Petri
899 3091 1110 3172 supradicto,
1127 3090 1305 3171 utriusque

355 3194 456 3250 terrae
494 3191 693 3269 proceribus
729 3191 820 3272 apud
853 3190 1044 3263 Berewich,
1082 3189 1307 3270 omnibusque

355 3286 414 3365 qui
435 3286 470 3347 in
491 3307 598 3368 reguo
621 3288 747 3350 Scotiae
765 3289 825 3370 jus
848 3288 915 3351 sibi
935 3288 1207 3362 vindicaverant,
1225 3305 1307 3349 con-

353 3383 431 3446 silio
458 3386 630 3448 communi
659 3386 912 3449 consideratum
943 3393 1009 3462 est,
1034 3386 1184 3449 omnium
1210 3384 1306 3447 calu-

354 3483 482 3544 mniam
498 3484 632 3546 irritam
649 3503 724 3546 esse
736 3485 859 3547 debere
873 3485 1065 3559 etinanem,
1075 3490 1306 3564 praeterquam

354 3578 570 3642 dominorum
591 3582 625 3644 J.
642 3582 684 3643 de
708 3582 822 3644 Bailol
847 3591 881 3644 et
908 3583 955 3646 R.
973 3583 1015 3645 de
1040 3581 1143 3656 Brus,
1164 3588 1198 3643 et
1214 3581 1250 3644 J.
1264 3580 1307 3642 de

355 3675 540 3758 Hastings‚
572 3687 607 3741 et
637 3680 781 3742 aliorum
811 3681 869 3760 qui
900 3680 1042 3742 inferius
1075 3679 1307 3743 nominantur.
1323 3740 1350 3785 ὁ

354 3773 408 3836 Do
427 3794 573 3856 quorum
594 3777 674 3858 jure
699 3778 912 3841 discutiendo
938 3780 1137 3860 assignatus
1158 3785 1211 3840 est
1232 3795 1308 3858 par-

354 3874 446 3935 tibus
474 3875 547 3937 dies
573 3877 663 3955 apud
694 3876 885 3952 Berewich,
906 3879 941 3940 in
967 3879 1117 3941 crastino
1140 3876 1175 3940 S.
1192 3875 1307 3937 Trini-

389 4096 395 4126 ¹
419 4101 581 4162 Crestodium]
600 4101 714 4149 Omitted
728 4104 753 4149 in
766 4102 822 4150 MS.
877 4098 1079 4162 ²1lrnurullrarn.]
1097 4100 1308 4161 Agmondeshanr·
