3074 4508
357 325 423 388 234
616 339 864 389 courmusrro
887 341 1061 389 cuaourcr

194 515 303 566 rhenus
358 504 515 580 excepto.
570 498 740 562 Dominus
761 515 824 559 rex
842 495 995 575 Angliae,
1010 513 1081 557 uua
1097 511 1174 557 cum
1189 491 1309 573 regina

194 566 327 667 lllll‘u‘rl.
359 606 394 660 et
411 599 523 661 tribus
539 595 676 659 filiabus
694 597 779 673 suis,
798 602 881 658 vota
896 595 931 656 in
950 612 1076 674 guerra
1089 610 1155 655 sua
1171 589 1308 655 Walliae

357 695 452 759 sacta
470 695 548 757 Deo
563 702 598 757 et
618 703 741 758 sancto
756 694 934 757 soluturus
951 690 1167 767 Eadmundo,
1181 705 1221 753 x.
1236 687 1308 751 kal.

358 791 481 855 Martii
513 791 573 871 [20
595 790 696 872 Feb]
722 812 801 854 cum
828 810 956 872 magna
984 790 1167 854 devotione
1190 795 1227 852 et
1253 806 1308 851 rc·

358 889 517 954 verentia
538 889 663 953 ibidem
687 890 848 965 accessit,
868 890 934 952 iter
959 889 995 951 in
1019 886 1171 951 crastino
1186 904 1306 951 versus

308 1044 312 1051 .
357 986 594 1065 Norfolcham,
613 988 673 1050 ubi
702 1005 834 1050 moram
860 1005 922 1067 per
949 993 1058 1049 totam
1082 985 1191 1049 traxit
1208 983 1306 1061 Qua·

356 1085 588 1166 dragesimam
603 1093 817 1167 sequentem,
833 1092 1045 1167 arrepturus.
1078 1082 1150 1160 Qui
1169 1082 1305 1164 quidem

356 1202 496 1246 suorum
539 1185 822 1264 diversorumque
864 1183 1121 1264 progenitorum
1166 1200 1306 1244 suorum

356 1282 578 1344 munimentis
604 1282 640 1344 in
665 1282 760 1345 nullo
792 1280 988 1357 deserendo,
1019 1280 1184 1361 pondera,
1212 1298 1307 1342 men·

355 1399 456 1443 suras
479 1386 515 1443 et
541 1379 642 1442 ulnas
659 1380 750 1443 villae
775 1379 810 1443 S.
829 1378 1023 1442 Eadmundi
1044 1398 1105 1460 per
1126 1378 1306 1441 marescal·

355 1479 426 1541 lum
444 1499 545 1542 suum
568 1498 820 1555 mensurarum,
835 1478 928 1560 quod
950 1485 1104 1560 ternpore
1123 1477 1231 1558 patris
1251 1476 1305 1539 sui

355 1577 420 1641 hoc
452 1577 559 1640 semel
591 1579 720 1641 factum
750 1579 865 1641 fuerat
892 1585 963 1641 tum
998 1576 1194 1657 allegando,
1225 1575 1306 1637 fecit

354 1675 558 1737 examinari.
607 1676 885 1739 Emolumentum
918 1685 1033 1738 tamen
1064 1694 1109 1736 ex
1135 1675 1194 1737 illo
1217 1674 1305 1747 visu,

353 1774 577 1851 omniumque
593 1773 729 1835 visuum
751 1773 787 1835 in
811 1772 1019 1835 adventibus
1046 1772 1119 1833 suis
1140 1778 1175 1835 et
1196 1770 1305 1833 haere-

353 1868 434 1931 dum
463 1889 604 1933 suorum
627 1871 847 1950 proveniens,
870 1869 1080 1951 reparationi
1109 1875 1144 1932 et
1165 1868 1304 1932 decora·

353 1968 438 2031 tioni
460 1968 580 2031 feretri
601 1970 715 2034 sancti
737 1969 909 2032 concessit
924 1966 1130 2044 Eadmundi‚
1150 1975 1185 2033 et
1206 1973 1305 2031 carta

352 2086 417 2129 sua
439 2066 668 2131 confirmavit.
720 2068 767 2131 Et
782 2067 865 2147 quia
886 2067 1033 2130 sacrista
1054 2074 1090 2129 et
1111 2066 1229 2129 ballivi
1249 2066 1306 2128 sui

352 2184 415 2245 per
430 2166 621 2245 burgenses
637 2165 730 2228 villae
752 2164 957 2245 allegantes,
981 2163 1074 2244 quod
1096 2164 1132 2225 in
1154 2163 1304 2226 adventu

353 2268 489 2324 tantum
527 2262 623 2341 regio
664 2260 864 2343 hujusmodi
895 2262 991 2324 visus
1021 2260 1096 2323 fieri
1125 2261 1302 2336 debuerat,

351 2357 519 2421 hactenus
535 2359 716 2440 praepediti
730 2359 922 2423 extiterunt
936 2377 958 2422 a
975 2376 1211 2421 mensurarum
1225 2358 1303 2421 visu

350 2455 521 2534 faciendo,
552 2458 747 2520 ordinatum
774 2465 840 2534 est,
871 2476 934 2538 per
967 2456 1148 2521 consilium
1175 2456 1304 2519 domini

351 2555 444 2635 regis
460 2563 495 2618 et
512 2555 681 2630 sacristae,
704 2557 770 2618 sub
793 2555 947 2636 periculo
969 2554 1141 2619 libertatis
1156 2554 1247 2618 villae
1266 2555 1303 2617 in

351 2671 491 2715 manum
506 2653 635 2716 domini
650 2654 741 2734 regis
764 2653 953 2734 capiendae,
969 2660 1140 2733 quatenus
1156 2651 1302 2733 singulis

351 2751 450 2813 annis
481 2751 535 2813 bis
572 2749 771 2832 hujusmodi
807 2750 1102 2814 examinationem
1132 2750 1301 2827 faciendo,

350 2849 540 2928 burgenses
572 2848 728 2929 aliosque
756 2848 800 2910 de
828 2849 914 2912 villa
939 2847 984 2910 ad
1010 2848 1188 2930 corporale
1216 2867 1303 2929 prac-

349 2947 513 3009 standum
531 2946 717 3027 compellat
731 2952 984 3009 sacramentum
997 2964 1006 3024 ;
1029 2945 1303 3011 contradicentes

350 3045 461 3124 primo
484 3063 546 3124 per
567 3045 761 3125 pecuniam,
777 3044 942 3119 secundo,
961 3044 991 3106 si
1013 3042 1126 3124 major
1148 3044 1304 3108 extiterit

350 3143 581 3218 contumacia,
616 3162 679 3223 per
705 3132 1025 3216 incarcerationem,
1059 3141 1167 3204 donec
1197 3161 1301 3223 super

351 3258 468 3304 eorum
496 3240 772 3320 transgressione
798 3259 862 3303 rex
885 3240 1097 3314 consulatur,
1119 3239 1301 3320 puniendo.

352 3337 502 3402 Domino
530 3358 623 3420 rege,
646 3346 685 3402 ut
711 3338 843 3401 dictum
874 3344 938 3413 est,
965 3339 1002 3400 in
1030 3339 1187 3418 partibus
1207 3337 1300 3401 Nor·

188 3459 318 3517 ramessen
350 3436 487 3500 folcbiae
511 3456 644 3500 moram
669 3437 829 3513 faciente,
858 3442 933 3500 tota
956 3436 1184 3500 communitas
1208 3436 1301 3498 villae

187 3509 321 3606 llllilil
351 3532 512 3615 Gipwyc,
532 3536 622 3615 apud
644 3536 759 3616 ipsum
783 3553 901 3615 regem
922 3534 1068 3597 diversis
1093 3533 1301 3596 facinoribus

187 3608 302 3646 ³⁰⁶fin‘d'
349 3640 526 3708 accusata,
545 3641 579 3695 et
594 3633 629 3694 in
648 3651 775 3713 magna
790 3639 890 3713 parte
908 3633 1079 3708 convicta,
1095 3630 1132 3693 iu
1150 3631 1303 3695 maxima

347 3731 504 3810 pecuniae
532 3749 667 3792 summa
696 3740 749 3794 cst
782 3731 1028 3804 condemnata3
1059 3732 1107 3809 'ot
1133 3737 1301 3810 praeterea

348 3844 431 3891 x111.
461 3829 504 3890 de
534 3829 732 3892 melioribus
767 3829 875 3891 totius
908 3829 999 3892 villae
1031 3848 1093 3911 per
1123 3828 1298 3892 dimidium

348 3946 475 3989 annum
503 3946 565 4008 per
594 3928 731 3990 diversa
759 3926 898 4007 Angliae
923 3927 1001 3991 loca
1029 3927 1193 3990 carcerali
1218 3932 1300 3989 sunt

185 4044 335 4085 wammam
347 4026 514 4088 custodiae
530 4025 699 4106 deputati.
728 4026 926 4107 Philippus
944 4045 1006 4089 rex
1024 4025 1192 4100 Franciae,
1208 4025 1299 4089 circa
