3074 4508
333 312 397 373 140
580 324 829 372 communio
854 321 1028 370 crinorum

169 500 280 561 innomi.
333 482 512 547 dicebatur
529 503 590 565 per
605 501 748 563 regnum
762 478 889 543 Galliae
900 476 994 558 quod
1010 485 1165 540 mortuus
1176 486 1281 552 esset;

170 551 283 639 iiiiii.
334 589 368 645 et
380 583 427 646 ibi
440 582 558 645 divisit
566 601 709 660 regnum
721 599 823 643 suum
837 583 873 641 et
889 585 999 639 terras
1018 594 1099 638 suas
1111 575 1190 638 filiis
1200 577 1284 641 suis.

169 649 320 740 iiiaic‘iir's.
335 680 515 744 Concessit
529 687 646 742 autem
659 679 826 752 Henrico,
837 676 907 739 tilio
921 694 984 738 suo
995 673 1130 756 majori,
1142 693 1284 754 regnum

333 777 485 857 Angliae,
510 789 545 840 et
572 776 733 839 ducatum
761 776 797 839 N
800 775 997 848 ermanniae,
1026 780 1062 836 et
1084 772 1284 836 comitatum

333 872 550 954 Andegaviae
577 881 611 936 et
641 873 907 951 Cenomanniae3
937 879 974 936 et
1000 871 1141 934 tradidit
1166 871 1198 934 ei
1220 871 1284 935 Jo-

333 971 496 1047 hannem,
518 971 661 1034 fratrem
684 991 785 1034 suum
806 971 997 1044 minimum,
1015 970 1059 1032 ad
1080 988 1286 1050 promoven·

333 1070 413 1132 dum
428 1078 463 1132 et
485 1069 755 1148 manutendum;
775 1078 820 1152 ‚et
842 1068 1013 1131 concessit
1033 1066 1198 1144 Ricardo,
1214 1067 1284 1131 filio

332 1187 409 1244 suo,
429 1168 595 1232 ducatum
612 1167 812 1248 Aquitaniae
829 1185 908 1230 cum
930 1164 1088 1229 omnibus
1111 1167 1285 1246 pertinen-

334 1267 392 1330 tiis
418 1267 503 1343 suis,
519 1266 703 1331 tenendum
721 1265 763 1328 de
779 1283 862 1344 rege
879 1263 1048 1327 Franciae.
1099 1264 1147 1327 Et
1164 1272 1286 1345 postea

334 1367 500 1447 praecepit
515 1365 687 1447 episcopis
704 1370 738 1428 et
756 1362 941 1428 comitibus
959 1371 995 1425 et
1012 1363 1207 1438 baronibus,
1224 1364 1285 1444 qui

334 1472 368 1527 et
393 1465 428 1527 in
456 1465 519 1527 illa
542 1465 742 1527 infirmitate
768 1463 982 1536 assidebant,
1009 1461 1102 1541 quod
1134 1461 1163 1523 si
1187 1461 1284 1524 illam

334 1582 402 1624 non
430 1565 599 1627 evasisset
626 1563 873 1638 infirmitatem,
898 1580 1023 1642 corpus
1046 1579 1147 1622 suum
1174 1559 1285 1624 defer-

335 1667 412 1720 rent
439 1661 483 1722 ad
510 1662 745 1742 sepeliendum
773 1660 867 1740 apud
893 1658 1075 1721 Grandnm
1103 1657 1284 1734 Montcm,¹

333 1758 393 1835 qui
423 1777 546 1838 parum
579 1759 686 1820 distat
715 1776 737 1819 a
761 1757 891 1819 Sancto
915 1754 1124 1831 Leonardo,²
1151 1764 1185 1819 st
1210 1757 1284 1838 ipse

333 1856 484 1918 ostendit
500 1856 549 1919 eis
565 1855 738 1937 quandam
754 1862 899 1931 cartam,
914 1873 1019 1935 quam
1034 1854 1115 1918 boni
1129 1854 1284 1920 homines

332 1953 374 2015 de
401 1953 545 2018 Grando
570 1955 693 2018 Monte
724 1954 756 2016 ei
781 1953 949 2029 fecerunt,
978 1954 1020 2016 de
1050 1972 1191 2034 corpore
1218 1974 1284 2018 suo

252 2073 258 2079 ·
331 2053 530 2133 sepeliendo
539 2054 575 2116 in
587 2054 683 2117 exitu
695 2052 980 2134 capituli-domus
995 2050 1130 2115 Grandi
1140 2051 1284 2129 Montis,

332 2151 375 2212 ad
406 2153 512 2230 pedes
538 2152 694 2233 magistri
723 2150 879 2231 ejusdem
908 2149 1042 2224 domus,
1071 2150 1132 2230 qui
1159 2150 1284 2214 ibidem

333 2248 490 2328 sepultus
516 2256 580 2312 est.
632 2247 721 2310 Cum
748 2254 864 2310 autem
888 2245 953 2310 hoc
976 2247 1166 2322 audissent,
1182 2248 1285 2311 vehe-

333 2353 466 2410 menter
487 2346 603 2409 mirati
620 2353 720 2421 sunt,
738 2353 774 2408 et
798 2345 863 2409 boc
880 2345 1068 2408 concedere
1088 2346 1284 2423 noluerunt,
1367 2337 1369 2341 ⁴

333 2443 487 2508 dicentes
511 2444 578 2508 hoc
607 2464 683 2508 esse
716 2450 839 2507 contra
869 2442 1072 2524 dignitatem
1096 2445 1193 2524 regni
1217 2446 1284 2508 sui.

169 2572 320 2622 mmmm,
333 2541 417 2623 Ipse
430 2563 514 2606 vero
530 2544 642 2624 magis
660 2561 701 2605 ac
715 2541 828 2622 magis
850 2541 1004 2605 instabat
1020 2549 1061 2605 ut
1079 2542 1145 2605 boc
1166 2541 1284 2622 fieret3

167 2622 269 2720 {iffi
332 2641 391 2703 sed
416 2641 522 2721 paulo
553 2648 644 2720 post,
670 2640 760 2703 sicut
783 2639 910 2702 divinae
932 2639 1065 2720 placuit
1081 2641 1284 2721 prudentiae‚

332 2737 375 2799 de
397 2737 460 2801 illa
476 2738 654 2802 convaluit
670 2738 884 2813 infirmitate,
907 2745 943 2800 et
968 2756 1073 2818 quam
1097 2737 1199 2802 citius
1220 2759 1284 2821 po-

334 2840 435 2911 terat,
457 2836 550 2900 sicut
572 2837 608 2898 in
630 2836 692 2899 illa
717 2836 919 2898 infirmitate
946 2843 1102 2911 voverat,
1117 2837 1184 2899 iter
1200 2837 1285 2900 arri-

332 2933 408 3013 puit
437 2953 514 2997 cum
540 2934 772 3010 festinatione,
797 2933 890 2997 circa
917 2932 1044 2997 festum
1067 2933 1185 2998 Sancti
1213 2935 1285 2998 Mi·

332 3030 463 3094 chaelis
487 3033 547 3113 [29
565 3032 694 3113 Sept.],
711 3034 752 3095 ad
771 3032 938 3095 Sanctam
958 3032 1107 3094 Mariam
1123 3033 1166 3096 de
1181 3032 1285 3115 Rupe

332 3128 570 3206 AdamatoriS,
586 3140 632 3206 et,
648 3138 790 3212 peracta
808 3131 856 3193 ibi
873 3130 1168 3210 peregrinatione,
1184 3132 1286 3195 rediit

168 3262 266 3302 Bm„
332 3227 368 3288 in
384 3226 637 3309 Andegaviam.
692 3228 837 3292 Interim
854 3230 978 3291 beatus
995 3229 1160 3305 ThomaS,
1177 3229 1284 3293 Cant·

183 3313 305 3360 rcceedinzs

168 3323 273 3400 inem,
333 3326 504 3390 uariensis
535 3328 830 3408 archiepiscopus,
861 3333 1001 3389 sextum
1034 3346 1164 3389 anunm
1190 3328 1286 3390 exilii

167 3421 249 3458 quence
258 3412 282 3450 oi

167 3461 286 3556 ww„
332 3423 387 3484 sui
408 3443 592 3506 peragens,
611 3445 690 3489 cum
713 3424 868 3488 audisset
888 3424 981 3504 quod
1005 3425 1066 3488 illo
1089 3427 1231 3488 absente
1250 3435 1286 3489 et

183 3519 204 3546 tn
228 3519 303 3548 scoto-

167 3560 251 3597 ΜΘΗ,
333 3520 496 3600 despecto
527 3542 637 3585 novus
676 3542 739 3585 rex
780 3529 1040 3585 consecraretur
1077 3523 1112 3585 in
1143 3521 1285 3604 Anglia,

331 3620 424 3699 apud
444 3619 657 3693 Lundonias,
679 3622 722 3682 ab
745 3619 900 3701 Rogero,
919 3620 1132 3684 Eboracensi
1153 3622 1284 3685 archie-

330 3718 486 3797 piscopo,
508 3719 619 3781 doluit
633 3719 867 3794 vehementer,
887 3727 922 3781 et
945 3719 988 3781 de
1006 3719 1160 3784 vindicta
1178 3720 1286 3784 Cant-

855 3899 865 3929 ²
883 3903 974 3952 Sancto
995 3905 1140 3968 bonnuaria]
1166 3906 1203 3954 St.
1222 3904 1286 3954 Ldo-

819 3972 893 4030 nard,
901 3973 927 4020 in
936 3973 978 4022 the
987 3974 1155 4035 Department
1162 3975 1191 4023 oi
1199 3975 1286 4023 Haute

819 4041 926 4091 Vienna.
944 4104 946 4107 Ι

366 3932 372 3963 ⁸
394 3937 521 3985 Gruadum
538 3934 667 3997 dientem]
700 3936 794 3986 Gram-

328 4010 405 4052 mont.
