3074 4508
370 322 414 385 32
741 336 950 384 cunorvrcou

206 514 349 556 nutarun-
371 502 465 559 sunt.
519 493 676 573 Quorum
693 503 804 557 morte
820 493 971 575 cognita,
989 493 1108 574 regina
1124 493 1320 557 Scottorum

204 565 358 654 iiii‘i’ifoe*
371 594 576 676 Margareta
602 601 700 658 tanta
730 593 853 656 affecta
882 600 935 656 est
961 593 1114 667 tristitia,
1139 601 1179 655 ut
1205 593 1321 655 subito

370 695 406 756 in
431 712 594 775 magnam
622 691 789 754 incideret
818 692 1060 755 infirmitatem.
1113 689 1189 752 Nec
1212 709 1319 764 mora,

371 793 581 874 presbyteris
608 791 652 853 ad
684 810 721 853 se
748 791 936 866 accersitis
960 790 1140 854 ecclesiam
1164 790 1319 864 intravit,

371 892 490 971 eisque
521 910 585 952 sua
612 898 756 970 peccata
782 889 949 965 confessa,
970 890 1046 953 oleo
1071 908 1109 951 se
1134 888 1318 969 perungui,

370 988 573 1067 coelestique
590 989 717 1050 muniri
733 988 860 1051 viatico
876 988 968 1063 fecit,
987 988 1100 1050 Deum
1119 986 1266 1049 assiduis
1284 993 1320 1049 et

370 1085 608 1148 intentissimis
637 1086 798 1165 precibus
827 1105 990 1161 exorans,
1014 1096 1054 1148 ut
1077 1087 1112 1147 in
1136 1083 1201 1147 hac
1233 1104 1320 1148 aeru-

370 1203 494 1247 mnosa
508 1185 580 1246 vita
600 1183 730 1247 diutius
749 1184 843 1245 illam
866 1185 983 1247 vivere
1005 1204 1072 1246 uon
1094 1185 1318 1264 permitteret.

372 1283 449 1347 Nec
470 1283 578 1346 multo
603 1284 735 1346 tardius
760 1283 926 1346 exaudita
954 1289 1026 1358 est;
1050 1301 1129 1343 nam
1154 1288 1233 1363 post
1250 1293 1319 1345 tres

371 1382 444 1446 dies
468 1383 649 1446 occisionis
676 1383 781 1461 regis,
810 1382 927 1445 solnta
957 1382 1069 1445 carnis
1099 1380 1255 1455 vinculis,
1279 1388 1320 1442 ut

371 1481 535 1557 creditur,
571 1481 615 1542 ad
652 1481 783 1562 gaudia
814 1483 975 1544 transivit
1007 1488 1142 1542 aetemae
1181 1479 1317 1542 salutis.

372 1577 511 1661 Quippe
535 1580 616 1641 dum
640 1581 785 1653 viveret,
804 1580 956 1660 pietatis
975 1580 1132 1661 justitiae,
1154 1579 1262 1659 paciS,
1285 1584 1320 1640 et

371 1678 526 1740 caritatis
542 1678 670 1740 cultrix
687 1679 805 1740 extitit
816 1678 953 1752 devota,
967 1679 1126 1757 frequens
1137 1678 1172 1738 in
1189 1677 1319 1739 oratio·

371 1776 485 1848 nibuS,
507 1793 634 1854 corpus
655 1776 785 1852 vigiliis
810 1782 844 1836 et
866 1774 1008 1856 jejuniis
1033 1775 1238 1849 maceravit;
1263 1792 1319 1837 ec-

370 1872 494 1935 clesias
520 1879 556 1934 et
581 1873 793 1934 monasteria
818 1871 956 1948 ditavit,
978 1890 1096 1935 servos
1123 1879 1157 1934 et
1175 1871 1320 1935 ancillas

372 1970 439 2034 Dei
476 1971 599 2033 dilexit
634 1977 669 2032 et
704 1968 899 2045 honoravit,
929 1971 1158 2034 esurientibus
1194 1990 1318 2052 panem

369 2070 565 2149 frangebat,
593 2069 704 2131 nudos
728 2069 910 2144 vestiebat,
944 2070 1103 2131 omnibns
1130 2070 1320 2149 peregrinis

370 2168 413 2229 ad
447 2186 485 2230 se
514 2167 731 2229 venientibus
764 2166 927 2247 hospitia,
953 2167 1170 2241 vestimenta,
1196 2175 1231 2228 et
1256 2166 1322 2229 ali-

369 2272 488 2327 menta
508 2264 698 2345 praebebat,
713 2271 749 2326 et
767 2263 880 2325 Deum
905 2269 981 2326 tota
1005 2271 1119 2326 mente
1144 2264 1319 2345 diligebat.

206 2379 290 2420 nonna
371 2361 453 2439 Qua
479 2362 629 2437 mortua,
657 2357 906 2438 Dufenaldum,
928 2361 1019 2442 regis
1042 2361 1222 2426 Malcolmi
1248 2364 1320 2425 fra·

205 2431 287 2470 elected
295 2429 349 2478 king

205 2480 342 2578 mma
370 2469 470 2535 trem,
493 2459 603 2524 Scotti
631 2461 697 2523 sibi
726 2461 763 2522 in
790 2479 905 2541 regem
929 2461 1119 2540 elegerunt,
1144 2469 1179 2524 et
1201 2480 1319 2525 omnes

204 2579 342 2668 moggo
369 2558 506 2639 Anglos
527 2560 586 2640 qui
613 2558 655 2620 de
680 2558 777 2621 curia
799 2560 890 2639 regis
911 2560 1111 2634 extiterunt,
1126 2559 1168 2622 de
1186 2559 1321 2623 Scottia

206 2678 270 2717 unu:
285 2678 350 2716 nex·
369 2657 589 2737 expulerunt.
643 2655 780 2733 Quibus
812 2657 952 2732 auditis,
983 2657 1074 2719 filius
1103 2658 1195 2738 regis
1225 2657 1319 2720 Mal·

205 2727 345 2816 ddiid'son
370 2756 485 2831 colmi,
515 2754 721 2830 Dunechan,
752 2774 867 2834 regem
891 2755 1117 2832 Willelmurn,
1145 2757 1201 2819 cui
1235 2763 1319 2819 tunc

204 2825 347 2865 mmm
369 2853 545 2928 militavit,
572 2860 612 2915 ut
641 2853 673 2916 ei
707 2872 853 2933 regnum
887 2855 942 2916 sui
967 2856 1077 2935 patris
1104 2855 1319 2930 concederet,

361 2953 482 3032 petiit,
505 2959 541 3014 et
564 2952 777 3031 impetravit,
798 2952 918 3033 illique
940 2952 1143 3015 fidelitatem
1162 2952 1317 3034 juravit:

369 3057 406 3112 et
431 3050 482 3112 sic
506 3050 549 3112 ad
576 3048 746 3112 Scottiam
768 3069 846 3111 cum
875 3050 1095 3113 multitudine
1124 3049 1319 3130 Anglorum

370 3166 411 3210 ac
438 3148 718 3211 Normannorum
745 3149 956 3228 properavit,
975 3156 1009 3211 et
1029 3155 1191 3229 patruum
1218 3167 1319 3211 suum

370 3245 603 3308 Dufenaldum
632 3245 675 3307 de
702 3265 811 3327 regno
837 3245 985 3326 expulit,
1017 3254 1052 3310 et
1078 3247 1114 3308 in
1139 3247 1216 3310 loco
1243 3247 1319 3329 ejus

204 3364 339 3403 nunemex-
368 3345 538 3423 regnavit.
571 3343 727 3406 -Deinde
750 3343 907 3406 nonnulli
932 3342 1128 3407 Scottorum
1157 3345 1320 3406 inunum

201 3414 322 3502 ῗὲιιέἕῗοῖῗᾱ
368 3441 583 3520 congregati,
593 3441 749 3503 homines
760 3442 854 3504 illius
866 3461 952 3522 pene
962 3461 1079 3504 omnes
1091 3451 1320 3524 peremerunt,

367 3539 443 3618 ipse
458 3557 541 3601 vero
567 3558 645 3601 cum
672 3541 795 3619 paucis
817 3541 878 3601 vix
906 3541 1027 3603 evasit.
1080 3540 1319 3603 Veruntamen

367 3644 449 3717 post
465 3635 663 3700 haec'illum'
681 3656 827 3717 regnare
850 3639 1091 3717 permiserunt,
1108 3657 1150 3700 ea
1174 3640 1319 3714 ratione,

367 3742 408 3797 ut
422 3735 570 3816 amplius
584 3737 620 3797 in
645 3734 814 3798 Scottiam
832 3754 896 3798 nec
914 3735 1049 3816 Anglos
1065 3755 1128 3799 nec
1146 3736 1319 3800 Norman-

201 3854 291 3892 Anrum
367 3852 432 3895 nos
446 3833 691 3908 introduceret,
710 3834 844 3914 sibique
866 3834 1016 3897 militare
1038 3835 1177 3897 sineret.
1230 3835 1320 3899 Gon-

202 3905 345 3944 ⁰⁰¹¹'‘⁰¹²‘⁸‘¹‘
367 3933 584 3995 venientibus
600 3932 705 3995 ferme
717 3933 825 3995 totius
840 3932 981 4014 Angliae
996 3933 1179 4014 episcopis,
1192 3933 1226 3993 in
1243 3932 1318 4013 qui·

367 4028 431 4090 bus
455 4029 608 4094 Thomas
632 4031 862 4094 Eboraceusis
886 4031 1166 4112 archiepiscopus
1192 4031 1320 4110 prima-
