3074 4508
439 336 631 386 ruounmur
659 337 937 387 wrconnrmsrs.
1085 320 1157 391 Ι271

209 491 352 567 viribus,
402 491 446 554 de
500 491 710 555 Lombardia
757 491 892 574 quoque
942 491 1155 576 aliarumque

209 591 390 653 nationum
419 592 580 672 gentibus
613 591 801 654 maximum
836 590 1044 655 coadunavit
1074 594 1156 657 belli

208 691 469 755 munimentum.
537 689 581 752 In
614 690 831 771 expeditione
863 690 966 753 etiam
997 691 1065 755 ista
1092 692 1158 756 Jo-

209 787 342 851 haunes
384 789 456 851 dux
496 788 707 865 Brabantiae,
747 788 993 853 Constantinus
1040 810 1155 854 comes

210 885 399 951 Holondiae
430 895 465 950 et
492 886 676 964 Selandiae,
705 896 740 951 et
771 887 944 951 Henricus
970 907 1083 952 comes
1112 890 1155 953 de

209 985 404 1049 Baroducis
432 1005 510 1049 cum
537 987 621 1062 suis,
648 986 684 1049 in
713 987 930 1050 multitudine
962 987 1153 1063 innumera,

209 1085 452 1148 convolarunt.
506 1085 672 1149 Proceres
697 1088 799 1149 etiam
815 1084 963 1166 Angliae,
981 1094 1052 1148 tarn
1077 1106 1155 1168 per·

208 1202 302 1246 sonae
318 1184 560 1248 ecclesiasticae
578 1204 682 1266 quam
697 1185 890 1260 saeculares,
904 1204 1008 1265 super
1023 1185 1155 1248 auxilio

210 1283 275 1344 sibi
303 1283 339 1346 in
366 1303 493 1365 guerra
516 1284 638 1346 suain
664 1286 819 1366 partibus
840 1283 1077 1348 transmarinis
1096 1303 1155 1365 pa-

210 1381 334 1445 trando
374 1384 548 1459 conventi,
586 1383 775 1447 liberaliter
821 1391 1024 1459 annuerunt,
1073 1383 1154 1446 dum

211 1488 327 1543 tamen
349 1501 413 1563 pro
431 1490 585 1564 tempore
602 1481 716 1544 futuro
733 1481 796 1544 hoc
812 1481 855 1543 ad
874 1484 1154 1563 consequentiam

209 1599 278 1643 uon
297 1579 503 1643 traheretur.
557 1580 685 1643 Omnes
706 1581 809 1643 etiam
830 1581 921 1643 viros
945 1580 1154 1644 ecclesiasti-

109 1693 111 1696 ’
210 1699 282 1756 cos,
304 1688 428 1761 utpote
447 1680 735 1762 archiepiscopos
759 1679 937 1762 episcopos
958 1686 993 1743 et
1010 1680 1154 1744 abbates

212 1788 406 1856 veteranos,
444 1779 548 1843 etiam
580 1779 703 1842 viduas
743 1779 895 1860 aliasque
933 1779 1087 1843 dominas
1119 1790 1155 1843 et

210 1879 384 1953 muliereS,
411 1899 473 1961 per
493 1879 670 1941 servitium
689 1878 834 1940 militare
859 1877 901 1940 de
921 1896 958 1940 se
985 1877 1020 1939 in
1042 1879 1155 1959 capite

210 1983 382 2052 tenentes,
410 1983 508 2040 scuto
541 1976 681 2038 cuilibet
714 1983 849 2038 centum
880 1995 1015 2039 marcas
1040 1976 1152 2058 impo-

209 2093 307 2150 nens,
320 2075 364 2138 ad
380 2075 649 2155 redemptionem
664 2074 894 2156 pecuniariam
908 2074 1042 2154 coegit3
1066 2094 1156 2137 unus

210 2175 319 2236 abbas
346 2173 382 2237 S.
401 2173 596 2237 Eadmundi
624 2193 688 2254 pro
717 2190 765 2236 vn
793 2172 955 2235 militibus
984 2174 1068 2248 suis,
1093 2193 1156 2254 pro

210 2273 337 2353 quibus
368 2273 444 2354 regi
475 2272 682 2354 respondere
720 2273 920 2346 tenebatur;
965 2279 1000 2335 et
1029 2271 1080 2334 sic
1112 2272 1155 2335 de

209 2372 357 2434 caeteris
410 2371 545 2435 Solutio
574 2378 690 2434 tamen
726 2391 835 2452 usque
873 2370 916 2433 ad
953 2372 1155 2434 transfreta-

209 2470 339 2533 tionem
371 2490 471 2534 suam
502 2470 731 2534 differebatur.
783 2468 917 2547 Quibus
949 2469 1000 2532 ita
1035 2469 1155 2550 gestis,
1169 2487 1260 2527 canera

209 2587 272 2631 rex
303 2568 454 2650 Angliae‚
490 2569 565 2631 Deo
595 2575 631 2631 et
659 2568 851 2632 homiuibus
876 2567 1089 2648 displicente,
1120 2576 1156 2631 et
1168 2537 1296 2627 mileo„

209 2667 346 2730 utinam
361 2669 428 2731 sibi
452 2668 489 2730 in
512 2687 664 2747 congruo
690 2668 798 2730 fretus
817 2665 973 2741 consilio,
990 2665 1046 2728 die
1065 2664 1156 2731 sesto
1168 2642 1275 2688 ΝΟΜ

210 2766 466 2830 Translationis
491 2766 527 2830 S.
544 2765 687 2828 Martini
716 2763 753 2850 [4
768 2764 871 2850 Jul.],
899 2783 977 2845 quae
1002 2764 1056 2828 die
1072 2784 1156 2828 con-

210 2867 291 2945 tigit
331 2864 526 2940 Dorninica,
563 2883 632 2926 una
673 2871 707 2927 et
746 2864 876 2936 eadem,
903 2863 958 2926 die'
987 2867 1030 2926 et
1069 2863 1157 2927 hora

209 2965 384 3027 ministros
413 2983 494 3026 suos
522 2963 567 3026 ad
593 2963 658 3026 hoc
686 2961 945 3044 praeordinatos,
976 2962 1091 3036 subito
1120 2970 1156 3025 et

209 3082 253 3125 ex
280 3064 470 3143 insperato,
494 3081 554 3143 per
577 3068 685 3124 totam
708 3060 894 3124 destinavit
911 3058 1088 3140 Angliam,
1111 3061 1156 3124 ad

209 3161 446 3241 quaerendum,
498 3160 732 3235 scrutandum,
786 3163 843 3222 et:
872 3159 1156 3239 ‘investigandum

209 3278 329 3322 omnes
344 3261 412 3340 [et]
427 3260 581 3340 singulas
605 3258 844 3338 religiosorum
861 3257 993 3332 domos,
1010 3258 1156 3321 sollicite

209 3366 244 3420 et
261 3359 459 3439 diligenter,
478 3357 602 3421 tamin
620 3357 773 3420 ecclesiis
793 3375 896 3437 quam
920 3354 997 3418 aliis
1015 3356 1156 3437 quibus-

208 3476 345 3538 cunque
373 3467 408 3520 et
436 3457 581 3536 singulis
615 3475 734 3518 eorum
767 3455 920 3529 officinis,
949 3472 1017 3516 non
1046 3454 1155 3518 eccle·

208 3557 337 3617 siarum
381 3557 530 3618 turribus
571 3562 753 3634 parcentes
794 3573 837 3616 ne
879 3553 1035 3627 laternis,
1070 3553 1157 3617 nulli

207 3656 312 3716 etiam
349 3655 522 3733 dignitati,
546 3653 773 3729 excellentiae,
814 3651 1054 3735 praerogativae
1092 3671 1155 3714 ex·

208 3754 359 3834 captioni
386 3752 577 3814 deferentes
606 3761 667 3814 aut
702 3751 861 3814 fortunae.
907 3749 997 3811 Haec
1028 3750 1156 3828 regalis

206 3851 450 3931 perscrutatio,
478 3851 551 3912 sive
576 3850 810 3929 investigatio,
842 3848 927 3909 adeo
957 3846 1022 3909 fuit
1050 3867 1155 3927 gene-

206 3950 299 4024 raliS,
318 3959 358 4012 ut
376 3968 438 4010 uec
459 3947 625 4011 coenobiis
648 3947 784 4028 quidem
808 3966 870 4009 nec
886 3946 994 4008 sacris
1013 3947 1156 4022 aedibus,

207 4057 267 4111 aut
316 4049 422 4110 etiam
471 4047 629 4110 domibus
676 4047 889 4128 leprosorum
936 4045 1157 4110 interioribus
